<mjloggm ver="2.3"><GO type="169" lobby="0"/><UN n0="%E3%83%A1%E3%83%B3%E3%83%94%E3%83%B3%E4%B8%89%E8%89%B2%E4%B8%80%E9%80%9A" n1="%43%E3%82%A8%E3%83%BC%E3%82%B8%E3%82%A7%E3%83%B3%E3%83%88" n2="%6B%6F%62%6F%7A%32" n3="%43%52%41%5A%59%42%45%45" dan="16,16,17,17" rate="2107.43,2068.85,2237.89,2140.53" sx="M,M,M,F"/><TAIKYOKU oya="0"/><INIT seed="0,0,0,0,4,78" ten="250,250,250,250" oya="0" hai0="12,109,89,37,124,130,36,11,0,17,70,50,123" hai1="18,29,106,131,2,104,86,114,94,133,90,122,72" hai2="71,54,19,23,64,22,88,46,44,110,56,31,95" hai3="132,43,111,48,100,99,45,42,79,60,16,14,134"/><T25/><D123/><U49/><E122/><V108/><F71/><W26/><G111/><N who="2" m="42537" /><F64/><W28/><G60/><T116/><D116/><U7/><E133/><N who="3" m="51306" /><G79/><T103/><D103/><U101/><E131/><V113/><F31/><W105/><G28/><T10/><D124/><U53/><E29/><V40/><F113/><W115/><G26/><T35/><D35/><U117/><E72/><V121/><F121/><W27/><G27/><T69/><D25/><U66/><E66/><V126/><F126/><W13/><G115/><T112/><D130/><U62/><E62/><N who="2" m="36119" /><F19/><W47/><G16/><T96/><D70/><U21/><E117/><V58/><F58/><W76/><G76/><T75/><D69/><U77/><E77/><V55/><F55/><W92/><G105/><T6/><D75/><U67/><E67/><V102/><F102/><W87/><G87/><T63/><D112/><U52/><E53/><V4/><F4/><W3/><G3/><T120/><D120/><U5/><E101/><V33/><F33/><W83/><G13/><T73/><D73/><U107/><E2/><V30/><F30/><W61/><G14/><T51/><D63/><U119/><E119/><V57/><F57/><W15/><G15/><T59/><D59/><N who="1" m="33167" /><E114/><V91/><F46/><W20/><G61/><T68/><D68/><U34/><E34/><V24/><F24/><W93/><G47/><T1/><D1/><U118/><E118/><V38/><F91/><W127/><G127/><T84/><D109/><U125/><E125/><V80/><F95/><W32/><G32/><T128/><D128/><RYUUKYOKU ba="0,0" sc="250,-15,250,15,250,15,250,-15" hai1="5,7,18,21,86,90,94,104,106,107" hai2="22,23,38,40,44,80,88" /><INIT seed="1,1,0,3,1,112" ten="235,265,265,235" oya="1" hai0="133,9,98,13,114,21,122,44,23,8,26,72,15" hai1="134,71,16,40,105,74,63,7,52,6,125,31,100" hai2="84,131,64,107,120,104,39,45,127,66,14,108,59" hai3="77,43,79,130,96,3,89,17,103,129,22,65,102"/><U25/><E134/><V113/><F120/><W73/><G3/><T57/><D114/><U36/><E74/><V111/><F113/><W75/><G43/><T93/><D72/><N who="3" m="27721" /><G65/><T132/><D44/><U51/><E125/><V4/><F127/><W119/><G22/><T101/><D122/><U30/><E100/><N who="3" m="38442" /><G17/><N who="0" m="8359" /><D26/><U99/><E99/><V80/><F14/><W49/><G49/><T121/><D121/><U37/><E105/><V19/><F19/><W81/><G119/><T88/><D132/><U0/><E0/><V55/><F4/><W91/><G81/><T87/><D57/><U27/><E63/><V56/><F80/><W94/><G91/><T78/><D101/><U48/><E71/><V29/><F45/><W95/><G94/><T1/><D133/><U38/><E16/><V83/><F83/><W128/><AGARI ba="1,0" hai="77,79,89,95,96,128,129,130" m="38442,27721" machi="128" ten="40,5200,0" yaku="19,1,34,2" doraHai="112" who="3" fromWho="3" sc="235,-14,265,-27,265,-14,235,55" /><INIT seed="2,0,0,4,2,37" ten="221,238,251,290" oya="2" hai0="75,65,117,50,3,55,91,18,45,49,47,9,4" hai1="93,13,135,128,108,48,129,71,64,126,124,80,109" hai2="15,27,120,125,19,113,23,57,30,40,26,133,123" hai3="62,74,68,25,34,116,95,103,14,79,54,8,17"/><V82/><F113/><W83/><G116/><T33/><D117/><U72/><E13/><V61/><F133/><W56/><G68/><T58/><D75/><U60/><E93/><V100/><F125/><N who="1" m="48233" /><E80/><V81/><F100/><W88/><G103/><T70/><D33/><U77/><E77/><V119/><F119/><W89/><REACH who="3" step="1"/><G95/><REACH who="3" ten="221,238,251,280" step="2"/><T42/><D70/><U69/><E71/><V97/><F123/><W12/><G12/><T92/><D65/><U41/><E135/><V112/><F120/><W7/><G7/><T66/><D66/><U131/><E72/><V38/><F27/><W85/><G85/><T105/><D105/><U10/><E10/><V96/><F112/><W102/><G102/><T1/><D1/><U87/><E87/><V104/><F104/><W90/><G90/><T114/><D114/><U107/><E107/><V51/><F97/><W118/><G118/><T46/><REACH who="0" step="1"/><D18/><REACH who="0" ten="211,238,251,280" step="2"/><U132/><E132/><V31/><F19/><W122/><G122/><T39/><D39/><U21/><E21/><V16/><F38/><W76/><G76/><T28/><D28/><AGARI ba="0,2" hai="8,14,17,25,28,34,54,56,62,74,79,83,88,89" machi="28" ten="40,2600,0" yaku="1,1,54,1,53,0" doraHai="37" doraHaiUra="98" who="3" fromWho="0" sc="211,-26,238,0,251,0,280,46" /><INIT seed="3,0,0,5,0,5" ten="185,238,251,326" oya="3" hai0="107,65,89,116,101,99,19,15,9,79,92,103,58" hai1="41,86,38,35,43,123,109,40,111,110,81,73,104" hai2="45,42,119,117,23,7,10,59,100,72,108,29,113" hai3="52,62,135,118,6,44,0,133,88,94,127,4,129"/><W37/><G118/><T24/><D116/><U78/><E35/><V12/><F113/><W76/><G76/><T90/><D79/><U120/><E104/><V95/><F108/><W85/><G127/><T63/><D101/><U60/><E73/><V20/><F72/><W22/><G129/><T69/><D107/><U67/><REACH who="1" step="1"/><E38/><REACH who="1" ten="185,228,251,326" step="2"/><V11/><F117/><W80/><G37/><T50/><D69/><AGARI ba="0,1" hai="40,41,43,60,67,69,78,81,86,109,110,111,120,123" machi="69" ten="50,8000,1" yaku="1,1,2,1,14,1,53,1" doraHai="5" doraHaiUra="61" who="1" fromWho="0" sc="185,-80,228,90,251,0,326,0" /><INIT seed="4,0,0,5,0,114" ten="105,318,251,326" oya="0" hai0="77,13,20,89,18,39,118,62,52,34,67,127,82" hai1="110,56,23,53,7,28,42,112,101,36,1,109,125" hai2="48,129,73,111,22,54,132,107,68,59,38,83,71" hai3="45,90,44,92,16,85,65,46,69,100,128,105,102"/><T31/><D39/><U27/><E125/><V9/><F107/><W99/><G128/><T70/><D127/><U17/><E101/><V55/><F111/><W10/><G69/><T76/><D118/><U81/><E81/><V51/><F38/><W119/><G119/><T40/><D40/><U103/><E103/><V21/><F132/><W66/><G102/><T43/><D43/><U4/><E112/><V29/><F9/><W121/><G121/><T78/><D89/><U6/><E1/><V0/><F0/><W2/><G2/><T96/><D96/><U104/><E104/><V117/><F117/><W91/><G91/><T47/><D31/><U122/><E122/><V25/><F21/><W116/><G116/><T123/><D34/><U86/><E86/><V124/><F129/><W60/><G60/><T12/><D123/><U108/><E42/><V98/><F98/><W75/><G75/><T95/><D95/><U37/><REACH who="1" step="1"/><E28/><REACH who="1" ten="105,308,251,326" step="2"/><V106/><F106/><W14/><AGARI ba="0,1" hai="10,14,16,44,45,46,65,66,85,90,92,99,100,105" machi="14" ten="30,2000,0" yaku="0,1,54,1" doraHai="114" who="3" fromWho="3" sc="105,-10,308,-5,251,-5,326,30" /><INIT seed="5,0,0,4,3,86" ten="95,303,246,356" oya="1" hai0="71,112,84,68,79,72,52,17,98,127,42,106,76" hai1="65,113,60,53,130,47,37,121,135,44,104,123,62" hai2="5,39,108,32,51,24,81,63,99,119,18,131,132" hai3="82,15,115,12,107,14,116,30,31,111,75,49,122"/><U102/><E102/><V90/><F39/><W1/><G122/><N who="1" m="46602" /><E104/><V40/><F119/><W126/><G111/><T3/><D42/><N who="1" m="22607" /><E113/><V70/><F5/><W78/><G1/><T67/><D52/><U92/><E92/><V46/><F108/><W6/><G107/><T16/><D127/><U61/><E135/><V2/><F132/><W34/><G126/><T48/><D48/><N who="1" m="28831" /><E130/><V134/><F2/><W91/><G115/><T87/><D112/><U105/><E105/><V23/><F32/><W93/><G34/><T109/><D106/><U41/><E41/><V129/><F134/><W118/><G6/><T11/><D72/><U58/><AGARI ba="0,0" hai="58,60,61,62,65" m="28831,22607,46602" machi="58" ten="30,3000,0" yaku="34,2" doraHai="86" who="1" fromWho="1" sc="95,-10,303,30,246,-10,356,-10" /><INIT seed="5,1,0,1,3,46" ten="85,333,236,346" oya="1" hai0="61,55,20,126,86,103,72,112,94,35,110,19,79" hai1="26,129,36,33,63,91,85,32,54,125,104,22,45" hai2="47,48,113,6,27,52,34,0,88,89,67,14,93" hai3="30,80,73,44,100,8,127,49,77,10,17,18,40"/><U5/><E129/><V42/><F0/><W68/><G68/><T97/><D110/><U108/><E125/><V122/><F122/><W119/><G127/><T29/><D112/><U39/><E104/><V58/><F113/><W92/><G30/><T102/><D126/><U25/><E5/><V84/><F34/><W134/><G134/><T4/><D72/><U57/><E108/><V117/><F27/><W24/><G119/><T131/><D131/><U135/><E135/><V120/><F120/><W115/><G115/><T66/><D4/><U123/><E123/><V31/><F31/><W16/><REACH who="3" step="1"/><G24/><REACH who="3" ten="85,333,236,336" step="2"/><T59/><D29/><U38/><E26/><V53/><F117/><W51/><G51/><T87/><D35/><U23/><E25/><V128/><F128/><W12/><G12/><T50/><D102/><U11/><E32/><V105/><F14/><W76/><G76/><T2/><D79/><U3/><E33/><V107/><F89/><W28/><G28/><T82/><D2/><U116/><E116/><V83/><F88/><W109/><G109/><T71/><REACH who="0" step="1"/><D82/><REACH who="0" ten="75,333,236,336" step="2"/><U21/><E3/><V7/><F83/><W64/><G64/><T78/><D78/><U90/><E90/><V41/><F67/><W56/><G56/><T101/><D101/><U98/><E98/><AGARI ba="1,2" hai="8,10,16,17,18,40,44,49,73,77,80,92,98,100" machi="98" ten="40,5200,0" yaku="1,1,52,1,54,1,53,0" doraHai="46" doraHaiUra="111" who="3" fromWho="1" sc="75,0,333,-55,236,0,336,75" /><INIT seed="6,0,0,0,2,88" ten="75,278,236,411" oya="2" hai0="72,3,66,129,116,20,51,18,52,83,78,10,14" hai1="27,86,28,79,135,130,29,41,15,48,30,128,6" hai2="105,63,38,2,40,53,84,35,57,61,119,55,58" hai3="102,132,101,82,70,43,115,75,5,127,108,11,16"/><V34/><F119/><W94/><G108/><T74/><D129/><U46/><E135/><V90/><F105/><W37/><G70/><T91/><D116/><U121/><E121/><V92/><F2/><W131/><G131/><N who="1" m="50218" /><E15/><V49/><F38/><W125/><G132/><T111/><D111/><U4/><E27/><V62/><REACH who="2" step="1"/><F40/><REACH who="2" ten="75,278,226,411" step="2"/><W100/><G43/><T24/><D3/><U25/><E25/><V67/><F67/><W77/><G37/><T60/><D74/><U0/><E0/><V109/><F109/><W103/><G75/><T13/><D91/><U99/><E99/><V23/><F23/><W21/><G21/><T36/><D36/><U98/><E98/><V113/><F113/><W87/><G115/><T104/><D104/><U31/><E31/><V110/><F110/><W26/><G103/><T54/><D51/><AGARI ba="0,1" hai="34,35,49,51,53,55,57,58,61,62,63,84,90,92" machi="51" ten="40,7700,0" yaku="1,1,9,1,52,1,53,0" doraHai="88" doraHaiUra="118" who="2" fromWho="0" sc="75,-77,278,0,226,87,411,0" owari="-2,-50.0,278,-12.0,313,11.0,411,51.0" /></mjloggm>