<mjloggm ver="2.3"><GO type="169" lobby="0"/><UN n0="%4B%2D%4D%2D%42" n1="%E3%82%8F%E3%81%A3%E3%81%97%E3%82%87%E3%81%84%E5%90%9B%32%E5%8F%B7" n2="%E3%81%AE%E3%81%B3%E5%A4%AA%E3%81%8F%E3%82%93" n3="%E3%81%8B%E3%81%97%E3%81%8B%E3%81%8A" dan="16,17,16,16" rate="2094.07,2132.93,2102.67,2137.42" sx="M,M,M,M"/><TAIKYOKU oya="0"/><INIT seed="0,0,0,3,0,10" ten="250,250,250,250" oya="0" hai0="135,25,5,35,31,68,11,106,128,107,109,121,120" hai1="95,51,54,15,63,13,57,45,111,65,93,91,88" hai2="96,14,42,17,28,4,62,43,79,59,84,33,16" hai3="133,89,86,75,47,119,81,129,83,9,50,32,69"/><T123/><D135/><U29/><E111/><V36/><F36/><W77/><G129/><T21/><D128/><U44/><E29/><V71/><F71/><W134/><G119/><T80/><D68/><U101/><E101/><V27/><F96/><W55/><G69/><T97/><D109/><U104/><E104/><V26/><F4/><W103/><G32/><T2/><D97/><N who="1" m="57511" /><E45/><V40/><F26/><W132/><G9/><T76/><REACH who="0" step="1"/><D21/><REACH who="0" ten="240,250,250,250" step="2"/><U66/><E66/><V74/><F74/><AGARI ba="0,1" hai="2,5,11,25,31,35,74,76,80,106,107,120,121,123" machi="74" ten="40,12000,1" yaku="1,1,2,1,23,2,53,1" doraHai="10" doraHaiUra="34" who="0" fromWho="2" sc="240,130,250,0,250,-120,250,0" /><INIT seed="0,1,0,5,0,112" ten="370,250,130,250" oya="0" hai0="85,70,116,98,30,17,58,133,77,101,129,60,44" hai1="93,43,55,33,135,63,119,16,105,82,71,117,64" hai2="24,127,18,67,126,97,56,81,107,27,134,59,35" hai3="41,99,3,42,79,114,113,80,121,92,20,11,26"/><T48/><D116/><U10/><E135/><V53/><F134/><W5/><G121/><T8/><D133/><U75/><E105/><V89/><F67/><W29/><G113/><T118/><D118/><U86/><E33/><V32/><F107/><W125/><G125/><T69/><D129/><U94/><E93/><V90/><F97/><W122/><G122/><T65/><D30/><U103/><E43/><V83/><F53/><W106/><G106/><T31/><D31/><U9/><E9/><V47/><F47/><W38/><G38/><T102/><D77/><U40/><E40/><V25/><F25/><W73/><REACH who="3" step="1"/><G114/><REACH who="3" ten="370,250,130,240" step="2"/><T28/><D101/><AGARI ba="1,1" hai="3,5,11,20,26,29,41,42,73,79,80,92,99,101" machi="101" ten="30,3900,0" yaku="1,1,2,1,7,1,53,0" doraHai="112" doraHaiUra="84" who="3" fromWho="0" sc="370,-42,250,0,130,0,240,52" /><INIT seed="1,0,0,1,5,15" ten="328,250,130,292" oya="1" hai0="94,123,99,87,129,6,9,60,89,110,14,93,112" hai1="28,52,85,54,107,61,114,11,59,36,64,105,29" hai2="69,108,12,23,125,73,57,5,71,19,120,44,47" hai3="118,24,22,18,135,62,133,4,76,72,42,20,70"/><U35/><E114/><V126/><F120/><W40/><G118/><T1/><D112/><U16/><E36/><V128/><F73/><W51/><G4/><T27/><D110/><U32/><E32/><V131/><F5/><W104/><G104/><T41/><D129/><N who="2" m="49738" /><F108/><W82/><G22/><T122/><D27/><U66/><E105/><V86/><F57/><W68/><G51/><T75/><D75/><U45/><E107/><V25/><F86/><W121/><G121/><N who="0" m="46091" /><D60/><U127/><E127/><N who="2" m="48651" /><F12/><W21/><G62/><T67/><D67/><N who="1" m="25643" /><E35/><V92/><F92/><W113/><G113/><T17/><D41/><U49/><E85/><V124/><N who="2" m="48659" /><V98/><DORA hai="81" /><F98/><W74/><G74/><T117/><D117/><U63/><E61/><V134/><F134/><N who="3" m="51211" /><G40/><T55/><D55/><U48/><E63/><V109/><F109/><W2/><G42/><T78/><D1/><U91/><E91/><V58/><F58/><W101/><G2/><N who="0" m="215" /><D78/><U26/><E26/><V34/><F34/><W31/><G101/><N who="0" m="60655" /><D14/><AGARI ba="0,0" hai="11,14,16,28,29,45,48,49,52,54,59" m="25643" machi="14" ten="30,11600,0" yaku="8,1,52,1,54,2" doraHai="15,81" who="1" fromWho="0" sc="328,-116,250,116,130,0,292,0" /><AGARI ba="0,0" hai="14,18,20,21,24,31,68,70,72,76,82" m="51211" machi="14" ten="30,2000,0" yaku="20,1,52,1" doraHai="15,81" who="3" fromWho="0" sc="212,-20,366,0,130,0,292,20" /><INIT seed="1,1,0,0,3,116" ten="192,366,130,312" oya="1" hai0="88,38,120,69,2,9,6,128,100,73,3,91,125" hai1="37,114,79,77,96,92,101,5,54,135,63,98,27" hai2="117,86,13,107,99,113,90,1,65,56,68,106,67" hai3="17,97,134,24,58,48,46,30,12,51,109,57,110"/><U108/><E37/><V118/><F1/><W22/><G134/><T82/><D69/><U83/><E114/><V60/><F113/><W111/><G97/><T72/><D100/><U39/><E39/><V94/><F67/><W85/><G85/><T25/><D25/><U19/><E135/><V32/><F32/><W75/><G75/><T29/><D29/><U74/><E5/><V14/><F68/><W0/><G0/><T35/><D35/><U21/><E108/><V61/><F61/><W76/><G76/><T44/><D3/><U18/><E77/><V42/><F42/><W131/><G131/><T78/><D73/><U62/><E54/><V49/><F49/><W123/><G123/><T33/><D33/><U122/><E122/><V11/><F14/><W132/><G132/><T52/><D128/><U95/><REACH who="1" step="1"/><E18/><REACH who="1" ten="192,356,130,312" step="2"/><V71/><F118/><W119/><G119/><T31/><D120/><U70/><E70/><V26/><F117/><W15/><G17/><T55/><D31/><U40/><E40/><V103/><F71/><W93/><G109/><T45/><D55/><U59/><E59/><V129/><F129/><W23/><G110/><T20/><D125/><U126/><E126/><V66/><F66/><W47/><G111/><T105/><D45/><U41/><E41/><V34/><F65/><W115/><G115/><T50/><D38/><U87/><E87/><V89/><F56/><W127/><G127/><T10/><D44/><U64/><E64/><V28/><F86/><W43/><G43/><T4/><D4/><U8/><E8/><V7/><F60/><RYUUKYOKU ba="1,1" sc="192,-15,356,15,130,15,312,-15" hai1="19,21,27,62,63,74,79,83,92,95,96,98,101" hai2="7,11,13,26,28,34,89,90,94,99,103,106,107" /><INIT seed="1,2,1,1,3,117" ten="177,371,145,297" oya="1" hai0="9,44,35,25,39,21,109,125,51,126,38,105,50" hai1="95,17,132,10,99,6,116,122,37,112,4,96,24" hai2="41,75,57,101,27,26,40,60,89,64,58,90,102" hai3="36,83,78,14,67,84,7,48,131,86,107,49,55"/><U80/><E116/><V22/><F75/><W65/><G131/><T20/><D35/><U52/><E112/><V2/><F2/><W33/><G33/><T108/><D105/><U76/><E132/><V73/><F73/><W18/><G107/><T61/><D9/><U121/><E37/><N who="0" m="13833" /><D61/><U82/><E52/><V8/><F8/><W19/><G36/><T53/><D25/><U127/><E127/><N who="0" m="48649" /><D53/><U30/><E17/><V135/><F135/><W63/><G7/><T1/><D1/><U87/><E80/><V72/><F72/><W69/><G65/><T91/><D91/><U128/><E128/><V56/><F58/><W118/><G118/><T115/><D44/><U42/><E42/><V77/><F77/><W54/><G54/><T94/><D94/><U11/><E11/><V15/><F64/><W79/><G55/><T74/><D74/><U88/><E99/><V93/><F60/><W129/><G129/><T124/><D115/><U43/><E43/><V46/><F93/><W71/><G63/><T32/><D32/><U114/><E114/><V68/><F46/><W98/><G67/><T47/><D47/><U23/><E4/><V70/><F15/><AGARI ba="2,1" hai="6,10,15,23,24,30,76,82,87,88,95,96,121,122" machi="15" ten="30,11600,0" yaku="7,1,52,2,54,1" doraHai="117" who="1" fromWho="2" sc="177,0,371,132,145,-122,297,0" /><INIT seed="1,3,0,5,0,58" ten="177,503,23,297" oya="1" hai0="34,87,109,101,3,84,95,0,21,39,32,120,130" hai1="30,96,5,128,57,40,121,38,114,99,33,70,83" hai2="82,65,74,6,69,72,75,135,89,91,64,115,71" hai3="13,85,17,100,78,47,62,44,106,2,49,51,22"/><U122/><E114/><V41/><F115/><W50/><G2/><T133/><D21/><U124/><E70/><V1/><F135/><W35/><G35/><T27/><D95/><U116/><E116/><V103/><F41/><W123/><G123/><T61/><D61/><U80/><E5/><V12/><F1/><W104/><G100/><T105/><D27/><U18/><E33/><V19/><F6/><W55/><G104/><T112/><D101/><U110/><E30/><V134/><F134/><W131/><G131/><T94/><D94/><U86/><E124/><V60/><F103/><W68/><G106/><T81/><D81/><U8/><E110/><V20/><REACH who="2" step="1"/><F82/><REACH who="2" ten="177,503,13,297" step="2"/><N who="3" m="47319" /><G68/><T54/><D0/><U25/><E80/><V98/><F98/><W67/><G67/><T10/><D3/><U127/><E99/><V11/><F11/><W9/><G9/><T111/><D112/><U79/><E96/><V52/><F52/><W7/><G7/><T26/><D54/><U28/><E40/><V42/><F42/><W36/><G36/><T23/><D39/><U92/><E38/><V108/><F108/><W24/><G55/><T45/><D111/><U48/><E8/><V113/><F113/><W118/><G118/><T56/><D109/><U129/><E83/><V14/><F14/><W15/><G15/><T102/><D133/><U93/><E79/><V76/><F76/><W88/><G13/><T37/><D37/><U90/><E86/><V53/><F53/><W125/><G125/><T43/><D43/><U29/><E127/><V59/><F59/><W132/><G132/><RYUUKYOKU ba="3,1" sc="177,-10,503,-10,13,30,297,-10" hai2="12,19,20,60,64,65,69,71,72,74,75,89,91" /><INIT seed="2,4,1,3,1,9" ten="167,493,43,287" oya="2" hai0="0,21,131,104,134,87,26,116,92,72,62,2,118" hai1="122,80,76,121,46,14,108,15,70,69,110,84,124" hai2="8,11,96,56,77,54,5,17,33,61,1,117,115" hai3="91,135,103,38,75,78,41,50,60,36,99,79,12"/><V42/><F115/><W127/><G91/><N who="0" m="53375" /><D104/><U128/><E128/><V45/><F117/><N who="0" m="45162" /><D131/><U100/><E124/><V59/><F33/><W85/><G75/><T28/><D72/><U18/><E100/><V82/><F96/><W29/><G29/><T111/><D111/><N who="1" m="42539" /><E46/><V120/><F120/><N who="1" m="46185" /><E18/><V7/><F17/><W23/><G103/><T65/><D134/><U58/><E58/><AGARI ba="4,1" hai="0,2,21,26,28,58,62,65" m="45162,53375" machi="58" ten="30,1000,0" yaku="12,1" doraHai="9" who="0" fromWho="1" sc="167,32,493,-22,43,0,287,0" /><INIT seed="3,0,0,0,3,53" ten="199,471,43,287" oya="3" hai0="64,25,45,32,125,47,26,71,24,79,80,20,117" hai1="101,84,135,113,94,119,83,1,106,4,91,37,3" hai2="111,77,67,22,49,44,115,55,131,0,60,31,11" hai3="82,74,128,92,133,127,33,19,112,70,34,10,30"/><W16/><G70/><T75/><D117/><U27/><E113/><V13/><F115/><W28/><G92/><T121/><D121/><U108/><E37/><V116/><F116/><W103/><G103/><T14/><D125/><U122/><E122/><V76/><F111/><W40/><G40/><T43/><D32/><U110/><E119/><V9/><F131/><W86/><G74/><T96/><D71/><U12/><E106/><V7/><F31/><W100/><G100/><T69/><D96/><U36/><E36/><V72/><F22/><W62/><G112/><T98/><D98/><N who="1" m="59607" /><E27/><V85/><F72/><W130/><G62/><T97/><D97/><U114/><E114/><V90/><F0/><W68/><G68/><T35/><D35/><N who="3" m="13321" /><G86/><T105/><D105/><U61/><E61/><V88/><F9/><W66/><G66/><T104/><D64/><U87/><E84/><V5/><F5/><W120/><G82/><T129/><D129/><N who="3" m="49769" /><G120/><T8/><D69/><U109/><E91/><V38/><F38/><W6/><G133/><T2/><D104/><U58/><E135/><V18/><F7/><W39/><G39/><T126/><D43/><U48/><E87/><V78/><REACH who="2" step="1"/><F85/><REACH who="2" ten="199,471,33,287" step="2"/><W99/><G127/><T107/><D126/><U93/><E108/><V102/><F102/><W56/><G99/><T54/><D75/><U134/><E109/><V123/><F123/><W124/><G124/><T21/><D2/><U89/><E3/><V29/><F29/><W23/><G28/><T50/><D8/><U52/><E110/><V73/><F73/><W81/><G30/><RYUUKYOKU ba="0,1" sc="199,-10,471,-10,33,30,287,-10" hai2="11,13,18,44,49,55,60,67,76,77,78,88,90" /><INIT seed="4,1,1,0,3,7" ten="189,461,63,277" oya="0" hai0="43,20,79,135,17,13,2,56,121,54,107,123,30" hai1="114,67,1,96,35,113,103,108,71,53,80,66,87" hai2="122,4,81,61,77,15,41,74,86,47,89,85,90" hai3="11,8,72,34,46,38,110,112,59,23,19,62,37"/><T22/><D107/><U6/><E35/><V14/><F122/><W45/><G110/><T88/><D2/><U124/><E108/><V128/><F128/><W104/><G34/><T105/><D105/><U40/><E124/><V82/><F61/><W10/><G104/><T95/><D135/><U39/><E71/><V115/><F115/><N who="1" m="44041" /><E53/><V12/><F74/><W0/><G112/><T99/><D121/><U24/><E24/><V120/><F120/><W125/><G72/><T94/><D43/><U51/><E39/><V93/><F93/><W32/><G32/><T68/><D68/><U18/><E18/><V27/><F27/><N who="3" m="14847" /><G0/><T44/><D123/><U134/><E134/><V55/><F55/><N who="3" m="34175" /><G37/><T49/><D95/><N who="1" m="58783" /><E6/><V111/><F111/><W50/><G38/><T126/><D126/><U75/><E75/><V83/><F77/><W57/><G125/><T131/><D79/><N who="1" m="46495" /><E1/><V98/><F98/><W64/><G50/><T42/><D42/><U33/><E33/><V63/><F63/><AGARI ba="1,1" hai="8,10,11,45,46,57,63,64" m="34175,14847" machi="63" ten="30,7700,0" yaku="8,1,52,3" doraHai="7" who="3" fromWho="2" sc="189,0,461,0,63,-80,277,90" owari="189,-21.0,461,56.0,-17,-52.0,367,17.0" /></mjloggm>