<mjloggm ver="2.3"><GO type="169" lobby="0"/><UN n0="%4D%E5%B0%82%E5%8B%99" n1="%E3%81%86%E3%81%95%E3%81%8E%E3%83%95%E3%82%A1%E3%83%B3%E3%82%B7%E3%83%BC" n2="%67%61%73%71%75%65%65%74" n3="%E3%81%97%E3%82%87%E3%81%93%E3%81%97%E3%82%87%E3%81%93" dan="17,17,17,17" rate="2245.77,2191.93,2125.36,2197.85" sx="M,M,M,M"/><TAIKYOKU oya="0"/><INIT seed="0,0,0,2,2,32" ten="250,250,250,250" oya="0" hai0="114,15,3,48,12,30,4,95,113,10,61,11,51" hai1="83,120,124,119,132,40,41,53,134,123,66,44,58" hai2="112,74,47,98,135,122,57,85,52,42,1,38,105" hai3="24,0,82,50,31,33,79,37,28,108,36,43,27"/><T93/><D61/><N who="1" m="38199" /><E83/><V5/><F112/><W71/><G108/><T46/><D30/><U129/><E119/><V70/><F122/><N who="1" m="46633" /><E124/><V56/><F70/><W127/><G71/><T100/><D3/><U63/><E129/><V19/><F74/><W94/><G127/><T89/><D100/><U60/><E41/><V81/><F19/><W116/><G116/><T23/><D23/><U64/><E53/><V87/><F98/><W126/><G126/><T99/><D95/><U59/><E63/><V35/><F35/><W68/><G68/><T69/><D69/><U34/><E34/><V75/><F105/><W109/><G94/><T133/><D114/><U6/><E6/><V17/><F17/><W26/><G33/><T118/><D118/><U84/><E84/><N who="2" m="32331" /><F52/><W88/><G31/><T49/><D113/><U111/><E111/><V21/><F56/><W131/><G28/><T25/><D25/><U101/><E101/><V80/><F57/><W104/><G104/><T106/><D106/><U8/><E8/><N who="2" m="2095" /><F81/><W73/><G109/><T9/><D46/><U110/><E110/><V128/><F21/><W78/><G131/><T20/><D20/><U54/><E54/><V65/><F65/><W16/><G73/><T103/><D103/><U62/><E62/><V115/><F115/><W39/><G16/><N who="0" m="8207" /><D11/><U29/><E29/><V130/><F128/><W13/><G13/><T14/><D15/><U55/><E64/><V97/><F130/><W67/><G67/><T102/><D102/><U22/><E22/><V86/><F75/><W92/><G27/><T76/><D76/><RYUUKYOKU ba="0,0" sc="250,15,250,15,250,-15,250,-15" hai0="4,10,14,48,49,51,89,93,99,133" hai1="40,44,55,59,60,132,134" /><INIT seed="0,1,0,0,5,106" ten="265,265,235,235" oya="0" hai0="72,46,40,58,112,12,81,117,24,67,116,79,83" hai1="115,101,2,21,5,0,34,38,93,89,121,49,19" hai2="134,29,97,78,118,68,132,26,27,8,16,10,23" hai3="105,31,56,129,100,59,47,135,99,108,126,113,92"/><T111/><D112/><U119/><E38/><V94/><F68/><W6/><G113/><T61/><D111/><U82/><E115/><V48/><F48/><W17/><G108/><T80/><D24/><U25/><E119/><V63/><F78/><W13/><G126/><T65/><D65/><U96/><E121/><V70/><F118/><W32/><G129/><T62/><D117/><U102/><E34/><V77/><F77/><W3/><G135/><N who="2" m="51753" /><F63/><W71/><G71/><T73/><D62/><U39/><E39/><V18/><F70/><W28/><G105/><T37/><D116/><U1/><E5/><V22/><F94/><W86/><G47/><T74/><REACH who="0" step="1"/><D12/><REACH who="0" ten="255,265,235,235" step="2"/><U66/><E66/><V33/><F97/><W36/><G99/><T127/><D127/><U20/><E2/><V75/><F75/><AGARI ba="1,1" hai="37,40,46,58,61,67,72,73,74,75,79,80,81,83" machi="75" ten="40,12000,1" yaku="1,1,52,4,53,0" doraHai="106" doraHaiUra="85" who="0" fromWho="2" sc="255,133,265,0,235,-123,235,0" /><INIT seed="0,2,0,5,3,73" ten="388,265,112,235" oya="0" hai0="29,2,121,48,49,78,111,27,23,115,15,41,45" hai1="117,119,103,0,28,125,5,36,127,80,130,53,101" hai2="17,42,118,104,54,75,106,92,77,89,3,7,98" hai3="26,105,110,4,71,99,129,90,83,46,68,64,70"/><T55/><D115/><U123/><E36/><V56/><F118/><N who="1" m="45065" /><E28/><V10/><F17/><W14/><G129/><T85/><D2/><U67/><E67/><V21/><F21/><W86/><G110/><T51/><D111/><U120/><E53/><V37/><F56/><W109/><G109/><T66/><D66/><U134/><E5/><V11/><F11/><W88/><G64/><T102/><D121/><N who="1" m="46667" /><E0/><V62/><F62/><W39/><G26/><T22/><D102/><N who="1" m="38923" /><E130/><V43/><F54/><W60/><G60/><T69/><D69/><U33/><E33/><V19/><F19/><W32/><G32/><T1/><D1/><U126/><E80/><N who="2" m="45119" /><F43/><W87/><G46/><AGARI ba="2,0" hai="3,7,10,37,42,46,89,92,98,104,106" m="45119" machi="46" ten="30,2000,0" yaku="25,1,52,1" doraHai="73" who="2" fromWho="3" sc="388,0,265,0,112,26,235,-26" /><INIT seed="1,0,0,0,4,18" ten="388,265,138,209" oya="1" hai0="65,131,49,56,117,134,77,37,31,85,68,115,112" hai1="6,91,108,67,124,90,98,40,42,13,4,118,59" hai2="34,106,72,35,17,104,58,53,92,41,96,132,36" hai3="70,99,10,7,60,83,97,23,30,45,101,69,48"/><U57/><E118/><V28/><F72/><W103/><G83/><T109/><D85/><U86/><E124/><V61/><F132/><W87/><G87/><T50/><D77/><U73/><E73/><V71/><F71/><W22/><G30/><T78/><D78/><U16/><E108/><V111/><F111/><W52/><G69/><T128/><D31/><U2/><E2/><V88/><F28/><W63/><G70/><T81/><D81/><U119/><E119/><V29/><F29/><W27/><G27/><T66/><D68/><U102/><E42/><V38/><F36/><W120/><G120/><T43/><D109/><U105/><E40/><V125/><F125/><W84/><G84/><T94/><D94/><U79/><E79/><V14/><F41/><W80/><G80/><T32/><D32/><U19/><E19/><V130/><F130/><W107/><G60/><T76/><D76/><U89/><E86/><V33/><REACH who="2" step="1"/><F38/><REACH who="2" ten="388,265,128,209" step="2"/><W11/><G63/><N who="0" m="38119" /><D37/><U116/><E116/><V26/><F26/><W44/><G44/><T0/><D43/><U121/><E121/><V55/><F55/><W1/><REACH who="3" step="1"/><G11/><AGARI ba="0,1" hai="11,14,17,33,34,35,53,58,61,88,92,96,104,106" machi="11" ten="40,2600,0" yaku="1,1,54,1,53,0" doraHai="18" doraHaiUra="74" who="2" fromWho="3" sc="388,0,265,0,128,36,209,-26" /><INIT seed="2,0,0,0,1,114" ten="388,265,164,183" oya="2" hai0="44,12,52,132,126,16,58,102,67,77,117,29,28" hai1="55,122,1,119,106,48,6,84,61,25,59,3,54" hai2="46,47,57,123,73,87,26,118,19,116,42,7,32" hai3="85,65,71,81,113,121,105,97,60,80,64,91,37"/><V5/><F73/><W30/><G113/><T18/><D132/><U92/><E119/><V107/><F123/><W53/><G37/><T68/><D126/><U108/><E106/><V128/><F107/><W36/><G36/><T134/><D102/><U100/><E122/><V125/><F125/><W83/><G121/><T21/><D134/><U2/><E108/><V39/><F128/><W103/><G65/><T56/><D68/><U17/><E6/><V115/><F115/><W40/><G40/><T23/><D77/><U33/><E100/><V112/><F112/><W120/><G120/><T101/><D101/><U4/><E4/><V90/><F46/><W41/><G41/><T127/><D117/><U9/><E9/><V99/><F99/><W70/><G70/><T96/><D96/><U74/><E74/><V111/><F5/><W38/><G38/><T10/><D10/><U62/><E55/><V124/><F124/><W13/><G13/><T63/><D44/><U78/><E78/><V51/><F7/><W72/><G72/><T89/><D89/><N who="1" m="53287" /><E33/><V75/><F75/><W110/><G110/><T135/><D135/><U8/><E8/><V130/><F111/><W14/><G14/><N who="0" m="9367" /><D127/><U131/><E131/><V94/><F130/><W79/><G79/><T35/><D35/><U15/><E15/><V49/><F39/><W104/><G104/><T24/><D12/><U20/><E3/><V0/><F0/><W31/><REACH who="3" step="1"/><G53/><REACH who="3" ten="388,265,164,173" step="2"/><T66/><D67/><U22/><E2/><V93/><F118/><W133/><G133/><T86/><D66/><U129/><E1/><RYUUKYOKU ba="0,1" sc="388,-10,265,-10,164,-10,173,30" hai3="30,31,60,64,71,80,81,83,85,91,97,103,105" /><INIT seed="3,1,1,0,1,65" ten="378,255,154,203" oya="3" hai0="67,9,18,123,125,97,102,19,122,8,59,75,33" hai1="16,129,84,83,13,120,51,14,96,103,30,70,89" hai2="118,15,134,77,20,87,64,90,99,115,108,135,111" hai3="81,6,48,105,12,109,113,119,0,39,124,66,27"/><W73/><G119/><T45/><D33/><U42/><E120/><V2/><F2/><W26/><G113/><T130/><D75/><U32/><E129/><V92/><F20/><W82/><G39/><T46/><D130/><U22/><E70/><V78/><F15/><W1/><G105/><T11/><D125/><U52/><E42/><V37/><F37/><W29/><G124/><T112/><D112/><U38/><E38/><V91/><F64/><W50/><G73/><T7/><D7/><U58/><E32/><V101/><F118/><W74/><G74/><T54/><D67/><U76/><E30/><V5/><F5/><W36/><G36/><T53/><D97/><U93/><REACH who="1" step="1"/><E14/><REACH who="1" ten="378,245,154,203" step="2"/><V98/><F115/><W85/><G12/><T60/><D123/><U40/><E40/><V94/><F111/><W41/><G41/><T23/><D122/><U25/><E25/><V21/><F108/><W88/><G109/><T117/><D117/><U31/><E31/><V116/><F116/><W104/><G26/><T55/><D19/><U4/><E4/><V44/><F44/><W10/><G1/><T80/><D46/><U79/><AGARI ba="1,2" hai="13,16,22,51,52,58,76,79,83,84,89,93,96,103" machi="79" ten="30,8000,1" yaku="1,1,0,1,8,1,54,2,53,0" doraHai="65" doraHaiUra="121" who="1" fromWho="1" sc="378,-21,245,103,154,-21,203,-41" /><INIT seed="4,0,0,4,3,60" ten="357,348,133,162" oya="0" hai0="20,72,13,21,7,58,118,67,52,93,94,68,69" hai1="47,65,1,107,33,54,103,40,39,10,14,32,110" hai2="22,12,5,4,35,63,96,119,64,115,104,27,124" hai3="87,97,11,41,117,108,70,38,123,45,59,121,113"/><T34/><D34/><U131/><E110/><V90/><F124/><W19/><G117/><T36/><D36/><U23/><E131/><V31/><F115/><W62/><G97/><T133/><D72/><U129/><E129/><V25/><F119/><W109/><G87/><T112/><D112/><U100/><E54/><V76/><F76/><W78/><G78/><T91/><D94/><U48/><E48/><V74/><F74/><W92/><G92/><T15/><D133/><U3/><E23/><V86/><F12/><W85/><G85/><T101/><D101/><U81/><E81/><V26/><F26/><W128/><G128/><T82/><D82/><U71/><E103/><V17/><F86/><W116/><G116/><T61/><D69/><U135/><E135/><V9/><F9/><W120/><G113/><T73/><D73/><U111/><E111/><N who="3" m="42570" /><G19/><T18/><D118/><U55/><E55/><V105/><F90/><W83/><G11/><T37/><D37/><U30/><E100/><V125/><F125/><W95/><G95/><T46/><D46/><U80/><E80/><V56/><REACH who="2" step="1"/><F96/><REACH who="2" ten="357,348,123,162" step="2"/><W51/><G83/><T2/><D15/><U77/><E14/><V75/><F75/><W44/><G120/><T6/><D2/><U0/><E77/><V88/><F88/><W28/><G123/><T127/><D127/><U24/><E1/><V49/><F49/><W134/><G121/><T102/><D102/><U43/><E3/><V126/><F126/><W132/><G134/><T57/><D13/><U122/><E0/><V84/><F84/><W16/><G132/><RYUUKYOKU ba="0,1" sc="357,-10,348,-10,123,30,162,-10" hai2="4,5,17,22,25,27,31,35,56,63,64,104,105" /><INIT seed="5,1,1,2,3,38" ten="347,338,153,152" oya="1" hai0="73,29,87,42,26,132,14,78,57,24,104,112,120" hai1="83,6,45,40,27,9,50,37,76,81,67,65,77" hai2="17,59,130,33,113,8,68,126,44,121,54,129,111" hai3="3,72,86,84,74,53,75,100,93,35,114,2,49"/><U123/><E123/><V82/><F121/><W19/><G35/><T39/><D120/><U66/><E27/><V103/><F111/><W41/><G114/><T11/><D104/><U22/><E22/><V56/><F68/><W80/><G41/><T89/><D132/><U25/><E25/><V71/><F71/><W70/><G70/><T109/><D109/><U133/><E133/><V119/><F119/><W115/><G115/><T97/><D97/><U116/><E116/><V101/><F33/><W98/><G19/><T63/><D78/><U31/><E31/><V20/><F126/><W106/><G106/><T15/><D15/><N who="1" m="5559" /><E37/><V4/><F44/><W16/><G16/><T7/><D73/><U46/><E46/><V90/><F59/><W94/><G94/><T18/><D29/><U13/><E13/><N who="2" m="9263" /><F82/><AGARI ba="1,1" hai="40,45,50,65,66,67,76,77,81,82,83" m="5559" machi="82" ten="30,2900,0" yaku="8,1,52,1" doraHai="38" who="1" fromWho="2" sc="347,0,338,42,153,-32,152,0" /><INIT seed="5,2,0,2,5,91" ten="347,380,121,152" oya="1" hai0="55,39,21,135,104,122,78,74,59,58,89,64,114" hai1="45,14,80,8,77,13,56,12,31,50,125,92,5" hai2="84,118,46,76,16,0,71,26,116,66,110,65,113" hai3="90,88,15,106,4,70,96,6,48,38,9,61,32"/><U132/><E132/><V29/><F0/><W63/><G38/><T35/><D35/><U28/><E125/><V102/><F110/><W109/><G32/><T22/><D39/><U121/><E121/><V75/><F75/><W47/><G109/><T42/><D42/><U128/><E128/><V25/><F113/><W72/><G72/><T131/><D114/><U119/><E119/><V111/><F111/><W3/><G3/><T52/><D64/><U81/><E56/><V112/><F112/><W18/><G106/><T54/><D135/><U103/><E14/><V83/><F102/><W36/><G36/><T1/><D104/><U44/><E13/><V95/><F46/><W23/><G70/><T68/><D68/><U73/><E81/><V107/><F107/><W49/><G49/><T60/><D1/><U124/><E124/><V98/><F25/><N who="3" m="14583" /><G4/><T127/><D127/><U117/><E45/><V53/><F71/><W97/><G97/><T40/><D40/><U2/><E117/><V130/><F130/><W43/><G90/><T10/><D59/><U69/><E69/><V85/><F116/><W27/><G27/><T57/><D58/><U133/><E133/><V101/><F118/><W105/><G105/><T17/><D131/><U129/><E129/><V87/><F16/><W30/><G30/><T67/><D122/><U62/><E2/><V11/><F11/><W108/><G108/><T24/><D10/><U100/><E100/><V123/><F123/><W126/><G126/><T93/><D17/><U94/><E103/><V19/><F19/><W82/><G96/><RYUUKYOKU ba="2,0" sc="347,-10,380,-10,121,-10,152,30" hai3="6,9,15,43,47,48,61,63,82,88" /><INIT seed="6,3,0,4,2,7" ten="337,370,111,182" oya="2" hai0="135,83,44,124,95,37,72,30,46,71,61,42,134" hai1="69,57,130,11,96,108,53,20,120,52,102,70,21" hai2="81,101,97,129,29,49,123,26,19,31,110,114,51" hai3="122,113,63,54,107,40,10,32,36,84,5,132,74"/><V35/><F123/><W103/><G122/><T104/><D104/><U77/><E120/><V98/><F114/><W80/><G32/><T109/><D109/><U15/><E108/><V126/><F110/><W106/><G132/><N who="0" m="50731" /><D95/><N who="1" m="58655" /><E70/><V39/><F39/><W24/><G24/><T75/><D30/><U23/><E69/><V22/><F126/><W6/><G6/><T118/><D124/><U33/><E33/><V56/><F129/><W64/><G54/><N who="1" m="21098" /><E130/><V94/><F56/><W58/><G103/><T112/><D46/><U12/><E77/><V48/><F35/><W66/><G64/><N who="0" m="41359" /><D112/><U90/><E57/><V0/><F0/><W117/><G117/><T68/><D68/><U119/><E119/><V50/><N who="2" m="12288" /><DORA hai="111" /><V60/><F60/><W16/><G84/><T85/><D118/><U28/><E90/><AGARI ba="3,0" hai="37,42,44,72,75,83,85,90" m="41359,50731" machi="90" ten="30,1000,0" yaku="20,1" doraHai="7,111" who="0" fromWho="1" sc="337,19,370,-19,111,0,182,0" /><INIT seed="7,0,0,4,2,55" ten="356,351,111,182" oya="3" hai0="57,85,82,21,45,16,51,120,96,87,105,73,126" hai1="59,54,33,117,124,14,86,113,114,125,28,56,6" hai2="30,102,69,2,109,46,7,127,67,70,78,91,47" hai3="68,48,26,44,25,17,42,129,81,133,89,10,50"/><W112/><G68/><T5/><D120/><U75/><E75/><V93/><F109/><W40/><G112/><N who="1" m="43114" /><E117/><V98/><F127/><N who="1" m="48713" /><E86/><V63/><F70/><W52/><G133/><T107/><D126/><U3/><E3/><V39/><F39/><W104/><G104/><T58/><D73/><U88/><E88/><V66/><F66/><W99/><G129/><T61/><D5/><U71/><E71/><V77/><F7/><W134/><G134/><T121/><D121/><U79/><E79/><V110/><F2/><W0/><G0/><T95/><D107/><U22/><E54/><V123/><F123/><W29/><G42/><N who="0" m="25015" /><D87/><U130/><E130/><V111/><F111/><W27/><G81/><T60/><D105/><U74/><E74/><V35/><F110/><W31/><G10/><T13/><D61/><U103/><E103/><V53/><F53/><W101/><G17/><T38/><D60/><U19/><E6/><V94/><F77/><W84/><G101/><N who="0" m="60575" /><D38/><U1/><E1/><V11/><F78/><AGARI ba="0,0" hai="13,16,21,57,58,78,82,85" m="60575,25015" machi="78" ten="30,7700,0" yaku="8,1,52,2,54,1" doraHai="55" who="0" fromWho="2" sc="356,77,351,0,111,-77,182,0" owari="433,54.0,351,15.0,34,-47.0,182,-22.0" /></mjloggm>