<mjloggm ver="2.3"><GO type="169" lobby="0"/><UN n0="%E7%82%8E%E3%81%AE%E3%83%88%E3%83%AC%E3%83%BC%E3%83%80%E3%83%BC" n1="%E3%83%8F%E3%82%B9%E5%A4%AA" n2="%E3%83%A8%E3%82%B7%E3%83%AF" n3="%E5%B0%8F%E6%9E%97%E6%B5%81%E7%89%8C%E6%89%8B" dan="16,16,16,17" rate="2156.78,2141.24,2122.30,2148.10" sx="M,M,M,M"/><TAIKYOKU oya="0"/><INIT seed="0,0,0,0,2,103" ten="250,250,250,250" oya="0" hai0="84,126,36,14,67,51,41,80,27,11,135,71,26" hai1="69,68,59,44,17,4,108,91,70,62,33,85,119" hai2="124,106,31,134,95,9,40,93,99,38,88,121,76" hai3="49,96,50,107,77,0,25,34,13,53,109,28,6"/><T92/><D36/><U32/><E119/><V110/><F121/><W131/><G0/><T128/><D135/><U87/><E108/><V83/><F134/><W74/><G74/><T97/><D126/><U117/><E117/><V58/><F124/><W16/><G77/><T2/><D2/><U78/><E4/><V61/><F110/><W98/><G109/><T42/><D128/><U89/><E44/><V72/><F31/><W66/><G6/><T116/><D116/><U81/><E17/><V86/><F9/><W54/><G131/><T19/><D67/><U90/><REACH who="1" step="1"/><E85/><REACH who="1" ten="250,240,250,250" step="2"/><V30/><F30/><W20/><G16/><T1/><D1/><U45/><E45/><V52/><F38/><W123/><G28/><T60/><D84/><U114/><E114/><V23/><F40/><W129/><G129/><T132/><D42/><U43/><E43/><V75/><F75/><W7/><G7/><T125/><D132/><U104/><E104/><V22/><REACH who="2" step="1"/><F106/><REACH who="2" ten="250,240,240,250" step="2"/><W39/><G107/><T111/><D125/><U113/><E113/><V102/><AGARI ba="0,2" hai="22,23,52,58,61,72,76,83,86,88,93,95,99,102" machi="102" ten="20,12000,2" yaku="1,1,2,1,0,1,7,1,54,2,53,0" doraHai="103" doraHaiUra="15" who="2" fromWho="2" sc="250,-60,240,-30,240,140,250,-30" /><INIT seed="1,0,0,2,4,20" ten="190,210,380,220" oya="1" hai0="77,135,81,52,113,112,130,9,57,35,63,102,1" hai1="72,32,37,51,110,41,118,79,93,7,94,50,88" hai2="111,8,14,56,105,131,74,46,89,36,132,25,53" hai3="22,124,55,85,12,21,4,80,121,43,78,5,67"/><U87/><E118/><V24/><F105/><W126/><G121/><T103/><D135/><U26/><E7/><N who="3" m="2634" /><G67/><T28/><D130/><U86/><E110/><V59/><F111/><W27/><G43/><T120/><D120/><U119/><E119/><V82/><F131/><W45/><G12/><T31/><D1/><U61/><E72/><V66/><F132/><W40/><G55/><T122/><D9/><U99/><E61/><N who="2" m="38207" /><F36/><N who="3" m="21639" /><G27/><N who="2" m="10313" /><F74/><W83/><G83/><T10/><D35/><U42/><E37/><V30/><F30/><W90/><G90/><T68/><D28/><U17/><E32/><V38/><F38/><W127/><AGARI ba="0,0" hai="21,22,78,80,85,124,126,127" m="21639,2634" machi="127" ten="40,1500,0" yaku="18,1" doraHai="20" who="3" fromWho="3" sc="190,-4,210,-7,380,-4,220,15" /><INIT seed="2,0,0,4,2,122" ten="186,203,376,235" oya="2" hai0="93,77,4,5,126,110,19,63,134,29,105,66,12" hai1="74,87,76,135,38,79,121,34,37,99,118,26,132" hai2="106,61,56,88,71,123,58,116,17,6,80,33,127" hai3="13,46,75,21,28,98,41,124,65,27,128,8,51"/><V129/><F123/><W100/><G75/><T117/><D105/><U64/><E121/><V16/><F116/><W2/><G124/><T60/><D117/><U55/><E118/><V115/><F115/><W53/><G128/><T50/><D126/><U47/><E64/><V10/><F106/><W49/><G2/><T30/><D77/><N who="1" m="29771" /><E26/><V114/><F114/><W68/><G68/><T59/><D134/><N who="1" m="51243" /><E55/><V35/><F129/><W109/><G65/><T120/><D120/><U22/><E22/><V108/><F127/><W130/><G109/><T39/><D39/><N who="1" m="14859" /><E47/><V44/><F44/><W14/><G130/><T81/><D63/><U78/><N who="1" m="29779" /><U15/><DORA hai="112" /><E87/><V52/><F108/><W23/><G23/><T40/><D81/><U101/><E15/><N who="2" m="5591" /><F33/><W0/><G0/><T43/><D110/><U91/><E91/><V84/><F35/><W31/><G31/><T111/><D111/><U95/><E34/><V1/><F71/><W54/><G49/><T131/><D50/><U45/><E45/><V67/><F1/><W94/><REACH who="3" step="1"/><G14/><REACH who="3" ten="186,203,376,225" step="2"/><T18/><D131/><U70/><E70/><V24/><F24/><W125/><G125/><T103/><D12/><U69/><E69/><V97/><F97/><W85/><G85/><T90/><D29/><U83/><E74/><V62/><AGARI ba="0,1" hai="16,17,52,56,58,61,62,67,80,84,88" m="5591" machi="62" ten="30,11700,0" yaku="8,1,54,3" doraHai="122,112" who="2" fromWho="2" sc="186,-39,203,-39,376,127,225,-39" /><INIT seed="2,1,0,1,3,84" ten="147,164,503,186" oya="2" hai0="3,63,71,79,72,25,29,118,87,53,42,98,33" hai1="31,55,113,99,61,110,122,127,107,85,66,12,121" hai2="11,27,134,100,16,0,60,47,91,46,26,135,1" hai3="129,64,76,21,108,74,106,23,102,117,22,93,58"/><V125/><F100/><W133/><G117/><T119/><D3/><U69/><E113/><V103/><F103/><W34/><G34/><T83/><D42/><U28/><E110/><V44/><F125/><W77/><G106/><T2/><D2/><N who="2" m="1130" /><F60/><N who="3" m="37911" /><G74/><T30/><D30/><U38/><E127/><V59/><F59/><W24/><G108/><T104/><D87/><U89/><E38/><V115/><F115/><W126/><G126/><T111/><D53/><U70/><E70/><V120/><F120/><N who="1" m="46185" /><E55/><V4/><F4/><W17/><G129/><T15/><D15/><U51/><E51/><V92/><F11/><W124/><G133/><N who="2" m="50697" /><F16/><W81/><G124/><T109/><D109/><U14/><E12/><V56/><F56/><W132/><G132/><T5/><D5/><U45/><E14/><V9/><F9/><W40/><G40/><T114/><D114/><U57/><E57/><V41/><F41/><W78/><G17/><T32/><D111/><U97/><E45/><N who="2" m="11523" /><V96/><AGARI ba="1,0" hai="26,27,91,92,96" m="11523,50697,1130" machi="96" ten="40,7800,0" yaku="4,1,20,1,52,1" doraHai="84" who="2" fromWho="2" sc="147,-27,164,-27,503,81,186,-27" /><INIT seed="2,2,0,2,1,81" ten="120,137,584,159" oya="2" hai0="121,74,3,80,127,32,91,83,4,129,36,94,114" hai1="76,63,108,90,5,109,0,21,23,110,41,31,126" hai2="60,65,72,87,33,69,131,48,115,56,120,46,105" hai3="70,12,24,29,1,6,103,14,84,66,58,77,27"/><V11/><F72/><W100/><G27/><T26/><D121/><U122/><E122/><V71/><F120/><W17/><G70/><T44/><D114/><U113/><E113/><V82/><F115/><W55/><G66/><T53/><D129/><U54/><E126/><V42/><F131/><W16/><G1/><T40/><D127/><U104/><E104/><V135/><F105/><W45/><G45/><T75/><D75/><U73/><E41/><V102/><F102/><W2/><G2/><T89/><D4/><U125/><E125/><V10/><F33/><W106/><G6/><T133/><D3/><U47/><E76/><V117/><F117/><W78/><G106/><T22/><D32/><U101/><E73/><V38/><F135/><W85/><G24/><T30/><D133/><U123/><E101/><V130/><F130/><W62/><G58/><T9/><D9/><U111/><E111/><V128/><F128/><W28/><G55/><T15/><D15/><U35/><E123/><V134/><F134/><W107/><G107/><T37/><D37/><U67/><E90/><N who="2" m="51575" /><F71/><W116/><G62/><T61/><D89/><U25/><E0/><V43/><F43/><W49/><G49/><T34/><D34/><U57/><REACH who="1" step="1"/><E5/><REACH who="1" ten="120,127,584,159" step="2"/><V98/><F98/><W7/><G7/><T50/><D74/><U99/><E99/><V96/><F96/><W20/><G20/><T8/><D36/><U88/><E88/><V95/><F38/><W79/><G79/><T92/><D91/><U93/><E93/><N who="0" m="35945" /><D8/><N who="2" m="3114" /><F95/><W119/><AGARI ba="2,1" hai="12,14,16,17,28,29,77,78,84,85,100,103,116,119" machi="119" ten="25,12000,2" yaku="0,1,22,2,52,2,54,1" doraHai="81" who="3" fromWho="3" sc="120,-32,127,-32,584,-62,159,136" /><INIT seed="3,0,0,1,3,24" ten="88,95,522,295" oya="3" hai0="101,1,127,100,86,118,7,107,96,54,59,35,11" hai1="90,34,89,4,62,45,66,111,93,32,8,80,55" hai2="81,82,95,109,84,20,17,41,126,56,22,117,78" hai3="76,43,30,27,94,60,131,135,75,74,50,0,128"/><W48/><G0/><T129/><D118/><U132/><E111/><V91/><F109/><W112/><G112/><T71/><D129/><N who="3" m="49737" /><G135/><T98/><D127/><U44/><E132/><V26/><F126/><W12/><G76/><T85/><D71/><U21/><E21/><V68/><F68/><W58/><G12/><T16/><D35/><U36/><E80/><N who="2" m="47127" /><F41/><W102/><G94/><T42/><D42/><U120/><E120/><V25/><F56/><W114/><G102/><T33/><D33/><U73/><E73/><N who="3" m="27658" /><G43/><T10/><D10/><U40/><E90/><V67/><F117/><W69/><G69/><T49/><REACH who="0" step="1"/><D16/><REACH who="0" ten="78,95,522,295" step="2"/><U47/><E8/><V23/><F17/><W99/><G114/><T125/><D125/><U53/><E4/><V133/><F133/><W79/><G27/><T70/><D70/><U108/><E108/><V29/><F26/><W2/><G2/><T123/><D123/><U46/><E40/><V103/><F25/><W116/><G116/><T110/><D110/><U63/><E36/><V65/><F22/><W121/><G121/><T5/><D5/><U130/><E130/><V18/><F23/><W38/><G38/><T9/><D9/><U92/><E32/><V14/><F18/><W3/><G3/><T61/><D61/><U72/><E62/><V13/><F20/><W52/><G60/><T104/><AGARI ba="0,1" hai="1,7,11,49,54,59,85,86,96,98,100,101,104,107" machi="104" ten="20,5200,0" yaku="1,1,0,1,7,1,9,1,53,0" doraHai="24" doraHaiUra="115" who="0" fromWho="0" sc="78,62,95,-13,522,-13,295,-26" /><INIT seed="4,0,0,4,3,118" ten="140,82,509,269" oya="0" hai0="47,60,53,27,10,25,16,14,0,73,35,51,19" hai1="76,54,88,107,127,82,94,42,85,30,77,103,57" hai2="69,112,111,13,79,18,131,125,68,89,66,114,17" hai3="26,48,22,92,65,56,11,75,3,1,121,71,31"/><T67/><D73/><U135/><E127/><V74/><F111/><W58/><G75/><T81/><D0/><U124/><E124/><V116/><F125/><W108/><G71/><T9/><D35/><U129/><E135/><V46/><F116/><W102/><G108/><T29/><D29/><U59/><E129/><V21/><F131/><W97/><G121/><T117/><D117/><U106/><E42/><V15/><F46/><W4/><G48/><T55/><D55/><U119/><E119/><V6/><F6/><W45/><G45/><T61/><D81/><U33/><E77/><V5/><F5/><W80/><G80/><T93/><D93/><U84/><E59/><V43/><F43/><W126/><G126/><T12/><D61/><U83/><E33/><V90/><F74/><W120/><G56/><AGARI ba="0,0" hai="9,10,12,14,16,19,25,27,47,51,53,56,60,67" machi="56" ten="30,11600,0" yaku="7,1,9,1,8,1,54,1" doraHai="118" who="0" fromWho="3" sc="140,116,82,0,509,0,269,-116" /><INIT seed="4,1,0,4,2,60" ten="256,82,509,153" oya="0" hai0="43,19,0,79,24,110,109,52,99,62,64,44,46" hai1="41,51,13,111,34,63,31,21,4,35,91,102,59" hai2="47,55,124,12,58,23,16,7,123,57,108,37,113" hai3="66,98,73,118,74,126,33,112,53,107,93,67,32"/><T132/><D0/><U75/><E111/><N who="0" m="42505" /><D79/><U94/><E75/><V135/><F108/><W22/><G118/><T28/><D132/><U106/><E106/><V70/><F123/><W76/><G107/><T115/><D115/><U56/><E102/><V105/><F105/><W27/><G33/><T29/><D99/><U81/><E81/><V49/><F135/><W87/><G32/><T6/><D6/><U85/><E4/><V69/><F124/><W30/><G74/><T26/><D26/><U50/><E50/><V11/><F113/><W68/><G68/><N who="0" m="42007" /><D19/><U117/><E117/><V97/><F97/><W15/><G73/><T134/><D134/><U48/><E48/><V127/><F127/><W80/><G112/><T84/><D84/><U65/><E31/><V17/><F17/><W42/><G126/><T103/><D103/><U1/><E1/><V40/><F58/><W82/><G82/><T86/><D86/><U89/><E91/><V96/><F96/><W104/><G104/><T100/><D100/><U120/><E120/><V8/><F8/><W2/><G2/><AGARI ba="1,0" hai="2,7,11,12,16,23,37,40,47,49,55,57,69,70" machi="2" ten="30,2000,0" yaku="7,1,54,1" doraHai="60" who="2" fromWho="3" sc="256,0,82,0,509,23,153,-23" /><INIT seed="5,0,0,1,2,123" ten="256,82,532,130" oya="1" hai0="72,121,58,23,14,6,112,74,16,70,88,55,97" hai1="75,92,2,7,91,116,127,117,45,60,43,109,98" hai2="100,94,24,120,128,115,5,41,89,63,54,57,51" hai3="68,28,78,61,4,95,125,33,3,52,103,47,76"/><U118/><E127/><V11/><F120/><W82/><G76/><T135/><D70/><U29/><E75/><V9/><F128/><W104/><G125/><T40/><D121/><U25/><E60/><V131/><F131/><W18/><G95/><T106/><D40/><U19/><E19/><V122/><F122/><W90/><G90/><T130/><D130/><U83/><E83/><V77/><F100/><W105/><G18/><T71/><D71/><U132/><E132/><V20/><F77/><W32/><G47/><T26/><D135/><U21/><E7/><V15/><F11/><N who="3" m="2463" /><G52/><T38/><D38/><U87/><E2/><V34/><F34/><N who="3" m="13419" /><G28/><T133/><D133/><U31/><E31/><V59/><F115/><W56/><G56/><T134/><D112/><U84/><REACH who="1" step="1"/><E109/><REACH who="1" ten="256,72,532,130" step="2"/><V10/><F5/><W80/><G80/><T114/><D134/><U17/><E17/><V99/><F63/><W36/><G82/><T46/><D114/><U79/><E79/><V108/><F108/><W44/><G78/><T66/><D74/><U110/><E110/><V119/><F119/><W85/><G61/><T64/><D72/><U93/><E93/><V49/><F94/><W67/><G104/><T27/><D106/><U53/><E53/><V39/><F54/><W62/><G105/><T0/><D0/><U37/><AGARI ba="0,1" hai="21,25,29,37,43,45,84,87,91,92,98,116,117,118" machi="37" ten="30,3000,0" yaku="1,1,0,1,53,0" doraHai="123" doraHaiUra="8" who="1" fromWho="1" sc="256,-10,72,40,532,-10,130,-10" /><INIT seed="5,1,0,5,0,135" ten="246,112,522,120" oya="1" hai0="47,132,52,70,95,29,113,12,1,69,96,67,76" hai1="116,6,84,100,48,50,112,17,61,36,31,123,27" hai2="104,129,121,105,111,62,19,44,82,133,107,57,32" hai3="79,15,34,58,89,38,30,54,90,91,42,71,66"/><U97/><E116/><V86/><F111/><W120/><G120/><T125/><D1/><U92/><E123/><V20/><F129/><W77/><G34/><T74/><D132/><U117/><E117/><V99/><F133/><W45/><G30/><T109/><D109/><U88/><E36/><V21/><F32/><W59/><G59/><T131/><D131/><U128/><E128/><V68/><F68/><W101/><G101/><T64/><D29/><U65/><E6/><V24/><F44/><W2/><G2/><T81/><D12/><U0/><E17/><V56/><F99/><W41/><G41/><T98/><D113/><U78/><E78/><V130/><F121/><W37/><G38/><T33/><D33/><U106/><E0/><V46/><F46/><W134/><G15/><T25/><D25/><U49/><E112/><V5/><F5/><W85/><G85/><T60/><D95/><U11/><E11/><V7/><F7/><W83/><G83/><T26/><D26/><U55/><E55/><V103/><F103/><W63/><REACH who="3" step="1"/><G134/><REACH who="3" ten="246,112,522,110" step="2"/><T43/><D43/><U73/><E73/><V102/><F102/><W53/><G53/><T127/><D52/><U18/><E18/><N who="2" m="12343" /><F130/><W23/><G23/><T28/><D28/><U122/><E122/><V35/><F35/><W114/><G114/><T4/><D4/><U80/><E106/><V126/><F105/><W40/><G40/><T110/><D110/><U115/><E115/><V9/><F104/><W39/><G39/><T75/><D75/><U72/><E72/><V51/><F107/><W14/><G14/><RYUUKYOKU ba="1,1" sc="246,-10,112,-10,522,-10,110,30" hai3="37,42,45,54,58,63,66,71,77,79,89,90,91" /><INIT seed="6,2,1,3,5,65" ten="236,102,512,140" oya="2" hai0="126,9,48,90,109,2,66,47,4,118,56,129,95" hai1="52,81,116,3,87,18,60,79,54,112,15,104,35" hai2="38,41,0,55,102,36,11,119,111,132,93,10,7" hai3="30,101,22,92,33,75,46,128,70,69,20,28,32"/><V34/><F34/><W103/><G92/><T89/><D109/><U58/><E116/><V83/><F55/><W27/><G46/><T29/><D118/><U42/><E3/><V45/><F111/><W67/><G67/><T64/><D129/><U97/><E112/><V12/><F83/><W114/><G27/><T82/><D126/><U6/><E42/><V91/><F132/><W57/><G57/><T99/><D29/><U44/><E35/><V40/><F102/><W43/><G43/><T122/><D56/><U53/><E6/><V49/><F41/><W5/><G5/><T135/><D135/><U1/><E1/><V98/><F119/><W25/><G25/><T14/><D122/><U16/><E44/><V50/><F38/><W94/><G94/><T71/><D71/><U115/><E115/><V21/><F21/><W125/><G75/><T130/><D2/><U23/><REACH who="1" step="1"/><E18/><AGARI ba="2,1" hai="0,7,10,11,12,18,36,40,45,49,50,91,93,98" machi="18" ten="30,1500,0" yaku="7,1" doraHai="65" who="2" fromWho="1" sc="236,0,102,-21,512,31,140,0" /><INIT seed="6,3,0,1,5,91" ten="236,81,543,140" oya="2" hai0="3,27,95,87,99,110,51,39,55,15,45,56,30" hai1="2,88,19,48,24,16,32,125,94,6,22,80,70" hai2="120,96,62,37,40,90,77,49,121,63,123,11,130" hai3="17,106,42,23,7,9,75,33,93,111,28,58,79"/><V116/><F77/><W131/><G106/><T104/><D3/><U21/><E32/><V105/><F116/><W0/><G111/><T126/><D110/><U59/><E70/><V44/><F11/><W92/><G131/><T35/><D126/><U53/><E125/><V8/><F8/><W52/><G42/><T26/><D26/><U60/><E2/><V31/><F31/><W133/><G133/><T64/><D15/><N who="1" m="9375" /><E6/><V38/><F90/><W71/><G71/><T10/><D10/><U109/><E109/><V69/><F96/><W98/><G98/><T76/><D104/><U86/><E60/><N who="2" m="23083" /><F105/><W78/><G78/><T12/><D12/><U29/><E29/><V134/><F134/><W113/><G79/><T74/><D87/><U128/><E128/><V68/><F130/><W41/><G41/><T66/><D76/><U1/><E1/><V117/><F117/><W124/><G75/><T46/><D74/><U102/><E102/><V25/><F25/><N who="3" m="18575" /><G113/><T97/><D97/><U82/><AGARI ba="3,0" hai="19,22,24,48,53,59,80,82,86,88,94" m="9375" machi="82" ten="30,8000,1" yaku="25,1,8,1,52,1,54,2" doraHai="91" who="1" fromWho="1" sc="236,-23,81,89,543,-43,140,-23" /><INIT seed="7,0,0,2,5,17" ten="213,170,500,117" oya="3" hai0="112,64,129,97,46,79,135,103,43,59,5,74,0" hai1="75,42,110,94,4,21,121,78,45,25,6,29,132" hai2="11,36,1,128,73,99,119,118,49,39,54,28,124" hai3="80,133,52,47,100,102,77,123,86,114,55,91,23"/><W122/><G114/><T117/><D117/><U81/><E110/><V26/><F124/><W84/><G133/><T90/><D112/><U113/><E113/><V7/><F128/><W68/><G68/><T127/><D127/><U131/><E131/><V105/><F73/><W63/><G123/><T98/><D129/><U31/><E132/><V41/><F41/><W57/><G122/><T87/><D135/><U62/><E121/><V61/><F61/><W24/><G47/><T2/><D5/><U48/><E31/><V56/><F105/><W69/><G55/><T44/><D44/><U95/><REACH who="1" step="1"/><E62/><REACH who="1" ten="213,160,500,117" step="2"/><V125/><F125/><W19/><REACH who="3" step="1"/><G69/><REACH who="3" ten="213,160,500,107" step="2"/><T10/><D46/><U126/><E126/><V92/><F54/><W89/><G89/><T88/><D43/><U37/><E37/><V53/><F39/><W18/><G18/><T108/><D108/><U16/><E16/><V96/><F36/><W9/><G9/><T50/><D88/><U101/><E101/><V82/><F53/><W71/><G71/><T134/><D103/><U60/><E60/><V83/><F118/><W111/><G111/><T58/><D90/><U13/><E13/><V116/><F119/><W72/><G72/><T15/><D74/><U104/><E104/><V8/><F116/><W12/><G12/><T106/><D15/><U66/><E66/><V27/><F11/><W65/><G65/><T51/><D64/><U22/><E22/><V32/><F8/><W20/><G20/><T33/><D10/><U34/><E34/><V130/><F32/><W14/><G14/><T67/><D33/><RYUUKYOKU ba="0,2" sc="213,-15,160,15,500,-15,107,15" hai1="4,6,21,25,29,42,45,48,75,78,81,94,95" hai3="19,23,24,52,57,63,77,80,84,86,91,100,102" /><INIT seed="7,1,2,5,2,126" ten="198,175,485,122" oya="3" hai0="57,1,114,33,133,34,110,93,30,66,8,127,5" hai1="98,41,104,12,27,132,120,44,25,117,63,103,51" hai2="97,42,40,134,112,6,115,128,96,60,69,39,19" hai3="130,47,0,22,4,28,58,36,106,20,18,122,109"/><W71/><G71/><T119/><D119/><U91/><E120/><V135/><F128/><W101/><G122/><T24/><D110/><U131/><E131/><V32/><F32/><W29/><G130/><T14/><D127/><U16/><E117/><V72/><F6/><W94/><G106/><T11/><D133/><N who="2" m="50698" /><F19/><W26/><G109/><T56/><D114/><N who="2" m="43562" /><F72/><W87/><G4/><T99/><D66/><U23/><E132/><V121/><F121/><W76/><G0/><T113/><D34/><U53/><E91/><V67/><F39/><W21/><G47/><T89/><D113/><U79/><E79/><V62/><F62/><W52/><G36/><T83/><D83/><U68/><E68/><V95/><F97/><N who="3" m="59575" /><G87/><T59/><D59/><U13/><E27/><V107/><F107/><W100/><G100/><AGARI ba="1,2" hai="40,42,60,67,69,95,96,100" m="43562,50698" machi="100" ten="30,2000,0" yaku="20,1,15,1" doraHai="126" who="2" fromWho="3" sc="198,0,175,0,485,43,122,-23" owari="198,0.0,175,-22.0,528,62.0,99,-40.0" /></mjloggm>