<mjloggm ver="2.3"><GO type="169" lobby="0"/><UN n0="%78%78%62%6D%6D" n1="%4D%75%64%46%6C%6F%77" n2="%45%72%77%69%6E%52%64" n3="%EF%BC%8A%E7%B4%97%E5%BC%A5%E8%8F%AF%EF%BC%8A" dan="16,17,16,17" rate="2139.95,2233.44,2137.06,2155.56" sx="M,M,M,F"/><TAIKYOKU oya="0"/><INIT seed="0,0,0,1,3,34" ten="250,250,250,250" oya="0" hai0="69,83,52,117,127,4,80,64,113,107,42,114,134" hai1="72,88,56,40,77,32,87,73,58,97,90,71,27" hai2="47,120,9,7,54,129,68,99,19,131,86,39,132" hai3="96,106,22,26,28,50,0,95,35,51,92,30,16"/><T61/><D117/><U122/><E71/><V67/><F120/><W1/><G106/><T29/><D107/><U135/><E122/><V81/><F19/><W55/><G95/><T14/><D127/><U33/><E97/><V5/><F99/><W124/><G124/><T31/><D42/><U60/><E40/><V93/><F93/><W65/><G65/><T43/><D43/><U6/><E135/><V110/><F39/><W38/><G38/><T108/><D134/><U125/><E125/><V53/><F67/><W89/><G51/><T3/><D14/><U24/><E6/><V111/><F86/><W15/><REACH who="3" step="1"/><G30/><REACH who="3" ten="250,250,250,240" step="2"/><T25/><D31/><U46/><E60/><V37/><F37/><W18/><G18/><T98/><D29/><U119/><E119/><V62/><F62/><W128/><G128/><T130/><D130/><U100/><E100/><V118/><F129/><W115/><G115/><T59/><D113/><U102/><E102/><V109/><F131/><W13/><G13/><T74/><D114/><U41/><E24/><V36/><F36/><W116/><G116/><T21/><D25/><U45/><E27/><V76/><F118/><W104/><G104/><T103/><D103/><U75/><E33/><V123/><F132/><W82/><G82/><T57/><D83/><U23/><E32/><V70/><F81/><W66/><G66/><T2/><D80/><N who="1" m="47503" /><E73/><V105/><F105/><W17/><G17/><T20/><D74/><U133/><E75/><V84/><F123/><W112/><G112/><T94/><D61/><U78/><E72/><V49/><F49/><RYUUKYOKU ba="0,1" sc="250,-10,250,-10,250,-10,240,30" hai3="0,1,15,16,22,26,28,35,50,55,89,92,96" /><INIT seed="1,1,1,5,2,109" ten="240,240,240,270" oya="1" hai0="78,107,111,94,11,49,95,89,22,130,2,97,114" hai1="55,132,5,74,46,48,76,134,27,61,19,88,36" hai2="131,41,125,85,23,12,102,100,28,17,24,38,69" hai3="9,39,91,70,73,45,62,33,68,6,44,105,81"/><U90/><E5/><V101/><F69/><W47/><G33/><T122/><D107/><U116/><E116/><V13/><F125/><W128/><G105/><T35/><D35/><U82/><E36/><V31/><F131/><W3/><G128/><T21/><D130/><U66/><E19/><V118/><F118/><W86/><G39/><T103/><D111/><U52/><E55/><V8/><F41/><W121/><G121/><T96/><D78/><U57/><REACH who="1" step="1"/><E27/><REACH who="1" ten="240,230,240,270" step="2"/><V110/><F38/><W117/><G117/><T79/><D122/><U26/><E26/><V18/><F110/><W14/><G3/><T106/><D2/><U99/><E99/><V54/><F24/><W87/><G6/><T30/><D96/><U133/><AGARI ba="1,2" hai="46,48,52,57,61,66,74,76,82,88,90,132,133,134" machi="133" ten="30,18000,2" yaku="1,1,0,1,20,1,54,2,53,1" doraHai="109" doraHaiUra="50" who="1" fromWho="1" sc="240,-61,230,203,240,-61,270,-61" /><INIT seed="1,2,0,2,4,1" ten="179,433,179,209" oya="1" hai0="10,85,19,30,69,23,120,54,122,106,9,111,0" hai1="53,34,98,72,58,76,20,55,11,82,121,107,127" hai2="74,89,134,80,62,131,15,97,12,8,50,26,81" hai3="93,16,126,37,113,21,43,31,96,3,70,42,2"/><U71/><E34/><V79/><F131/><W102/><G113/><T99/><D69/><U57/><E71/><V52/><F134/><W92/><G70/><T25/><D85/><U77/><E121/><N who="0" m="46697" /><D54/><U38/><E38/><V108/><F108/><W59/><G126/><T18/><D99/><U51/><E127/><V64/><F26/><W87/><G31/><T124/><D106/><U116/><E116/><V45/><F8/><N who="0" m="3178" /><D124/><U88/><E11/><V7/><F7/><W133/><G133/><T123/><N who="0" m="46705" /><T129/><DORA hai="47" /><D0/><U119/><E119/><V5/><F5/><W75/><G75/><T46/><D46/><U13/><E107/><V40/><F40/><W48/><G37/><T104/><D104/><U67/><E67/><V94/><REACH who="2" step="1"/><F80/><REACH who="2" ten="179,433,169,209" step="2"/><W24/><G3/><T117/><D117/><U78/><E82/><V66/><F66/><W17/><G2/><T14/><D129/><U49/><E72/><V4/><F4/><W103/><G42/><T83/><D83/><U39/><E55/><V65/><F65/><W32/><G43/><T132/><D132/><U28/><E53/><V128/><F128/><W100/><G32/><N who="0" m="20559" /><D19/><U95/><E58/><AGARI ba="2,1" hai="12,15,45,50,52,58,62,64,74,79,81,89,94,97" machi="58" ten="30,8000,1" yaku="1,1,7,1,52,1,54,1,53,1" doraHai="1,47" doraHaiUra="41,33" who="2" fromWho="1" sc="179,0,433,-86,169,96,209,0" /><INIT seed="2,0,0,1,2,7" ten="179,347,265,209" oya="2" hai0="135,124,53,69,66,61,30,96,100,97,60,76,95" hai1="37,20,105,58,23,93,34,98,38,118,126,32,52" hai2="33,35,28,27,5,119,80,86,44,68,11,31,115" hai3="63,74,45,120,113,64,103,107,82,3,13,85,9"/><V125/><F115/><W4/><G120/><T19/><D124/><U1/><E1/><V133/><F125/><W41/><G74/><T132/><D30/><U123/><E105/><V15/><F133/><W18/><G113/><T39/><D39/><U49/><E118/><V130/><F130/><W75/><G75/><T26/><D76/><U10/><E126/><V89/><F119/><W46/><G103/><T57/><D97/><U71/><E71/><V65/><F68/><W67/><G107/><T42/><D42/><U59/><E37/><V14/><F65/><W87/><G87/><T84/><D84/><U101/><E38/><V108/><F108/><W29/><G29/><T99/><D99/><U111/><E111/><V22/><F28/><W78/><G41/><T54/><D54/><U112/><E112/><V90/><F89/><W122/><G122/><T104/><D104/><U6/><E59/><V8/><F44/><W117/><G117/><T40/><D40/><U134/><E134/><V121/><F121/><W0/><G0/><T21/><AGARI ba="0,0" hai="19,21,26,53,57,60,61,66,69,95,96,100,132,135" machi="21" ten="30,1100,0" yaku="0,1" doraHai="7" who="0" fromWho="0" sc="179,11,347,-3,265,-5,209,-3" /><INIT seed="3,0,0,0,2,93" ten="190,344,260,206" oya="3" hai0="135,32,29,65,56,81,28,40,10,108,76,78,119" hai1="125,104,3,15,77,86,72,110,83,50,5,124,98" hai2="1,79,59,30,128,89,37,25,101,17,107,54,33" hai3="22,131,12,102,58,47,48,91,99,27,60,31,13"/><W34/><G91/><T71/><D119/><U134/><E3/><V95/><F1/><W35/><G35/><T39/><D71/><U74/><E50/><V114/><F37/><W123/><G34/><T90/><D135/><U109/><E15/><V2/><F2/><W118/><G118/><T97/><D39/><U75/><E5/><V6/><F6/><W36/><G36/><T19/><D40/><U132/><E104/><V63/><F114/><W23/><G23/><T57/><D108/><N who="1" m="41579" /><E98/><V100/><F107/><W52/><G123/><T64/><D90/><U112/><E112/><V106/><F106/><W96/><G131/><T117/><D32/><U44/><E44/><V61/><F128/><W126/><G126/><AGARI ba="0,0" hai="72,74,75,77,83,86,124,125,126,132,134" m="41579" machi="126" ten="40,8000,1" yaku="18,1,14,1,34,2" doraHai="93" who="1" fromWho="3" sc="190,0,344,80,260,0,206,-80" /><INIT seed="4,0,0,0,5,73" ten="190,424,260,126" oya="0" hai0="117,124,44,79,23,69,135,68,70,71,56,86,125" hai1="66,53,50,17,132,31,19,27,42,105,12,21,133" hai2="49,13,25,55,39,26,97,24,87,95,28,58,98" hai3="107,96,88,93,64,15,38,36,130,52,131,89,41"/><T6/><D117/><U134/><E105/><V75/><F75/><W115/><G64/><T67/><D6/><U4/><E66/><V114/><F39/><W74/><G107/><T101/><D101/><U90/><E42/><V102/><F114/><W2/><G2/><T112/><D112/><U48/><E48/><V99/><F28/><W18/><G115/><T10/><D10/><N who="1" m="4167" /><E90/><V111/><F111/><W78/><G89/><T82/><D135/><U81/><E81/><V8/><REACH who="2" step="1"/><F87/><REACH who="2" ten="190,424,250,126" step="2"/><W94/><G38/><T120/><D120/><U30/><E31/><V3/><F3/><W83/><G94/><T45/><D71/><U104/><E104/><V40/><F40/><W46/><REACH who="3" step="1"/><G52/><REACH who="3" ten="190,424,250,116" step="2"/><T72/><D67/><U65/><E65/><V80/><F80/><W16/><G16/><AGARI ba="0,2" hai="8,13,16,24,25,26,49,55,58,95,97,98,99,102" machi="16" ten="40,8000,1" yaku="1,1,8,1,54,1,53,1" doraHai="73" doraHaiUra="11" who="2" fromWho="3" sc="190,0,424,0,250,100,116,-80" /><INIT seed="5,0,0,3,2,105" ten="190,424,350,36" oya="1" hai0="35,52,75,25,0,67,47,89,107,59,34,104,121" hai1="82,28,21,61,62,51,17,81,15,86,111,134,78" hai2="116,83,77,120,20,112,18,14,133,33,11,125,22" hai3="99,132,92,68,113,130,44,57,54,119,64,19,103"/><U10/><E134/><V8/><F116/><W30/><G132/><T6/><D121/><U50/><E111/><V123/><F133/><W39/><G119/><T93/><D67/><U1/><E1/><V41/><F125/><W85/><G30/><T128/><D47/><U84/><E28/><V95/><F33/><W3/><G3/><T94/><D94/><U16/><E62/><V90/><F41/><W131/><G19/><T98/><D128/><U117/><E61/><V43/><F43/><W88/><G64/><T115/><D115/><U49/><E117/><V9/><F112/><W106/><G68/><T122/><D75/><U109/><E109/><V65/><F65/><W76/><G113/><T32/><D25/><U91/><REACH who="1" step="1"/><E50/><REACH who="1" ten="190,414,350,36" step="2"/><V23/><F120/><W74/><G39/><T87/><D122/><U5/><E5/><V2/><F2/><W42/><G42/><T53/><D6/><U29/><E29/><V55/><F123/><W31/><G31/><T58/><D0/><U126/><E126/><V108/><F108/><W37/><G37/><T63/><D63/><U114/><E114/><V13/><F13/><AGARI ba="0,1" hai="10,13,15,16,17,21,49,51,78,81,82,84,86,91" machi="13" ten="30,11600,0" yaku="1,1,7,1,8,1,54,1,53,0" doraHai="105" doraHaiUra="124" who="1" fromWho="2" sc="190,0,414,126,350,-116,36,0" /><INIT seed="5,1,0,2,1,82" ten="190,540,234,36" oya="1" hai0="110,102,108,0,25,99,12,126,54,18,5,6,41" hai1="125,49,35,131,50,128,34,23,121,67,10,76,75" hai2="71,33,95,63,68,28,36,16,85,55,32,120,133" hai3="130,129,2,44,21,29,40,90,4,101,132,47,53"/><U7/><E121/><V45/><F120/><W1/><G101/><T51/><D126/><U19/><E67/><V39/><F133/><W118/><G132/><T88/><D41/><U66/><E66/><V70/><F28/><W8/><G118/><T14/><D0/><U87/><E75/><V112/><F112/><W81/><G2/><T65/><D65/><U80/><E125/><V113/><F113/><W122/><G122/><T127/><D25/><N who="1" m="14591" /><E35/><V117/><F117/><W38/><G47/><T106/><D127/><U61/><E61/><V124/><F45/><W123/><G53/><T11/><D108/><U93/><E93/><V100/><F32/><W97/><G123/><T74/><D74/><U114/><E34/><V57/><F95/><W24/><REACH who="3" step="1"/><G97/><REACH who="3" ten="190,540,234,26" step="2"/><T26/><D99/><U84/><E114/><V94/><F124/><W52/><G52/><T20/><D54/><U92/><E128/><V96/><F55/><W91/><G91/><T83/><D88/><N who="1" m="53255" /><E131/><V15/><F100/><W98/><G98/><T69/><D102/><U72/><E72/><V60/><F96/><W134/><G134/><T86/><D110/><U107/><E107/><V105/><F105/><W116/><G116/><T58/><D106/><U48/><E49/><V73/><F73/><W9/><G9/><T31/><D11/><U135/><E135/><V37/><F37/><W79/><G79/><T13/><D51/><U59/><E48/><V64/><F36/><W42/><G42/><T109/><D109/><U89/><E89/><N who="2" m="53551" /><F39/><W103/><G103/><T46/><D46/><U119/><E119/><RYUUKYOKU ba="1,1" sc="190,-10,540,-10,234,-10,26,30" hai3="1,4,8,21,24,29,38,40,44,81,90,129,130" /><INIT seed="6,2,1,2,3,7" ten="180,530,224,56" oya="2" hai0="26,45,34,77,98,75,109,87,38,55,78,85,21" hai1="120,124,81,122,103,68,100,121,17,23,84,52,19" hai2="31,71,49,130,24,0,41,69,46,36,102,97,133" hai3="60,91,61,62,126,58,79,51,32,127,129,63,90"/><V15/><F0/><W39/><N who="3" m="15360" /><DORA hai="72" /><W107/><G107/><T82/><D34/><U99/><E68/><V131/><F133/><W119/><G39/><T125/><D109/><U106/><E124/><N who="3" m="47658" /><G32/><T116/><D75/><U50/><E103/><V33/><F49/><W73/><G119/><T13/><D116/><U4/><E4/><V57/><F57/><W16/><G58/><T9/><D98/><U115/><E115/><V8/><F69/><W96/><G51/><N who="0" m="29167" /><D38/><U110/><E110/><V135/><F135/><W132/><G132/><T44/><D44/><N who="1" m="27719" /><E23/><V25/><F71/><W30/><G30/><N who="0" m="17743" /><D125/><U54/><E54/><V20/><F33/><W88/><G96/><T93/><D93/><U105/><E106/><V5/><REACH who="2" step="1"/><F24/><REACH who="2" ten="180,530,214,56" step="2"/><W43/><G43/><T47/><D47/><U48/><E48/><V104/><AGARI ba="2,2" hai="5,8,15,20,25,31,36,41,46,97,102,104,130,131" machi="104" ten="30,18000,2" yaku="1,1,2,1,0,1,52,1,53,2" doraHai="7,72" doraHaiUra="40,37" who="2" fromWho="2" sc="180,-62,530,-62,214,206,56,-62" owari="118,-28.0,468,57.0,420,22.0,-6,-51.0" /></mjloggm>