<mjloggm ver="2.3"><GO type="169" lobby="0"/><UN n0="%E3%83%9C%E3%82%A4%E3%83%AD%E5%B0%86%E6%A3%8B%E9%83%A8%E5%93%A1" n1="%E3%81%A8%E3%82%8A%E3%81%82%E3%81%88%E3%81%9A%E3%83%93%E3%83%BC%E3%83%AB" n2="%E3%81%A8%E3%81%B3%E3%81%BE%E3%81%93" n3="%E3%81%97%E3%82%87%E3%81%86%40%34%38%36%39" dan="17,16,17,16" rate="2157.22,2109.95,2208.48,2072.79" sx="M,M,M,M"/><TAIKYOKU oya="0"/><INIT seed="0,0,0,0,4,90" ten="250,250,250,250" oya="0" hai0="135,12,53,54,85,56,95,77,27,98,71,124,15" hai1="41,72,29,129,60,63,109,70,39,6,37,49,79" hai2="111,103,110,89,107,127,26,25,99,8,59,64,61" hai3="97,104,69,131,14,50,105,122,91,94,23,7,115"/><T123/><D123/><U113/><E109/><N who="2" m="41483" /><F127/><W19/><G115/><T35/><D71/><U9/><E129/><V119/><F119/><W83/><G131/><T128/><D128/><U101/><E113/><V114/><F114/><W57/><G69/><T67/><D135/><U46/><E29/><V34/><F34/><W28/><G122/><T66/><D35/><U75/><E101/><V86/><F8/><W106/><G7/><T108/><D27/><U93/><E70/><V82/><AGARI ba="0,0" hai="25,26,59,61,64,82,86,89,99,103,107" m="41483" machi="82" ten="30,1100,0" yaku="14,1" doraHai="90" who="2" fromWho="2" sc="250,-5,250,-3,250,11,250,-3" /><INIT seed="1,0,0,0,5,14" ten="245,247,261,247" oya="1" hai0="132,30,10,79,71,74,34,36,75,35,23,107,58" hai1="97,70,125,1,37,31,95,59,32,16,39,21,7" hai2="64,18,25,99,62,90,3,61,13,113,92,22,27" hai3="126,65,42,100,131,114,109,82,4,93,98,119,134"/><U19/><E70/><V68/><F3/><W89/><G114/><T54/><D58/><U101/><E32/><V63/><F113/><W0/><G109/><T96/><D54/><U86/><E125/><V76/><F76/><W66/><G131/><T128/><D23/><U43/><E31/><V49/><F49/><W83/><G134/><T102/><D128/><U104/><E21/><V103/><F90/><W5/><G119/><T47/><D79/><U87/><E59/><V122/><F122/><W57/><G42/><N who="0" m="22983" /><D10/><U108/><E108/><V118/><F118/><W94/><G126/><T116/><D116/><U121/><E121/><V88/><F103/><W60/><G65/><T112/><D112/><U72/><E72/><N who="0" m="27689" /><D30/><U135/><E135/><V106/><F106/><W133/><G133/><T129/><D129/><U48/><E48/><V46/><F46/><W52/><G66/><T84/><D84/><U73/><E73/><V77/><F77/><W81/><REACH who="3" step="1"/><G0/><REACH who="3" ten="245,247,261,237" step="2"/><T33/><D132/><U40/><E40/><V53/><F53/><W105/><G105/><T12/><D107/><U80/><E104/><V56/><F68/><W29/><G29/><T78/><D71/><U9/><E43/><V8/><F27/><W110/><G110/><T6/><D34/><U91/><REACH who="1" step="1"/><E87/><AGARI ba="0,1" hai="4,5,52,57,60,81,82,83,87,89,93,94,98,100" machi="87" ten="40,5200,0" yaku="1,1,8,1,54,1,53,0" doraHai="14" doraHaiUra="17" who="3" fromWho="1" sc="245,0,247,-52,261,0,237,62" /><INIT seed="2,0,0,2,1,50" ten="245,195,261,299" oya="2" hai0="130,67,55,99,17,114,119,70,103,95,51,37,54" hai1="73,94,131,39,53,121,128,63,117,10,24,135,108" hai2="57,48,81,105,91,115,112,106,122,4,23,102,16" hai3="59,124,52,133,45,46,66,127,64,116,56,42,62"/><V30/><F122/><W97/><G116/><T84/><D37/><U82/><E39/><V85/><F4/><W36/><G97/><T33/><D114/><U98/><E117/><V31/><F115/><W104/><G104/><T18/><D119/><U8/><E108/><V32/><F112/><W44/><G133/><T34/><D130/><U125/><E135/><V113/><F113/><W75/><G75/><T110/><D110/><U109/><E109/><V27/><F102/><W11/><G11/><T38/><D38/><U72/><E125/><N who="3" m="48202" /><G64/><T90/><D33/><U107/><E107/><V101/><F101/><W7/><G7/><T29/><D34/><U47/><E121/><V26/><REACH who="2" step="1"/><F31/><REACH who="2" ten="245,195,251,299" step="2"/><W78/><G78/><T74/><D29/><U129/><E131/><V71/><F71/><W93/><G93/><T21/><D70/><U87/><E94/><V15/><F15/><W13/><G13/><T134/><D134/><U77/><E129/><V35/><F35/><W83/><G83/><T1/><D95/><U28/><E82/><V96/><F96/><W5/><G5/><T79/><D99/><U22/><E98/><V69/><F69/><W61/><AGARI ba="0,1" hai="36,42,44,45,46,52,56,59,61,62,66" m="48202" machi="61" ten="30,8000,1" yaku="18,1,34,2,52,1,54,1" doraHai="50" who="3" fromWho="3" sc="245,-20,195,-20,251,-40,299,90" /><INIT seed="3,0,0,1,1,128" ten="225,175,211,389" oya="3" hai0="72,93,22,69,30,113,78,75,117,116,126,65,68" hai1="18,92,10,129,80,19,2,83,24,57,54,59,52" hai2="64,85,53,46,100,55,5,23,40,89,14,35,102" hai3="95,71,82,41,1,121,131,25,62,4,63,74,127"/><W132/><G121/><T8/><D126/><U61/><E129/><V51/><F35/><W134/><G131/><T133/><D8/><U90/><E2/><V39/><F64/><W94/><G127/><T29/><D93/><U76/><E76/><V36/><F36/><W91/><G41/><T70/><D22/><U101/><E101/><V107/><F107/><W9/><G94/><T17/><D17/><U84/><E19/><N who="2" m="10743" /><F5/><W27/><G82/><T26/><D26/><N who="3" m="9737" /><G71/><T60/><D78/><U50/><REACH who="1" step="1"/><E10/><REACH who="1" ten="225,165,211,389" step="2"/><V118/><F100/><W66/><G74/><T12/><D72/><U112/><E112/><V120/><F102/><W125/><G125/><T38/><D113/><U86/><E86/><V33/><F85/><N who="3" m="52719" /><G66/><T111/><D75/><U20/><AGARI ba="0,1" hai="18,20,24,50,52,54,57,59,61,80,83,84,90,92" machi="20" ten="30,7900,0" yaku="1,1,0,1,8,1,54,1,53,0" doraHai="128" doraHaiUra="130" who="1" fromWho="1" sc="225,-20,165,89,211,-20,389,-39" /><INIT seed="4,0,0,0,4,116" ten="205,254,191,350" oya="0" hai0="109,35,30,14,24,5,76,11,92,3,121,48,74" hai1="106,8,110,10,97,104,117,98,102,63,112,33,80" hai2="135,132,22,115,23,122,67,71,39,43,111,18,53" hai3="131,133,119,41,101,89,77,108,52,60,86,72,16"/><T12/><D92/><U20/><E110/><V36/><F111/><W114/><G119/><T65/><D109/><U85/><E33/><V1/><F1/><W113/><G108/><T26/><D48/><U81/><E117/><V95/><F115/><W103/><G133/><N who="2" m="51273" /><F53/><W64/><G41/><T51/><D51/><U6/><E112/><N who="3" m="43114" /><G131/><T50/><D50/><U28/><E80/><V57/><F57/><N who="3" m="34855" /><G64/><T134/><D65/><U44/><E44/><N who="2" m="23655" /><F39/><W128/><G128/><T66/><D66/><U124/><E63/><N who="2" m="40447" /><F95/><N who="3" m="54711" /><G16/><T82/><D134/><U0/><E10/><V45/><F45/><W84/><G84/><T19/><D26/><U78/><E20/><N who="2" m="7723" /><F18/><W21/><G21/><N who="0" m="11495" /><D14/><U127/><REACH who="1" step="1"/><E28/><REACH who="1" ten="205,244,191,350" step="2"/><V130/><F130/><W58/><G58/><T94/><D94/><U29/><E29/><V105/><F105/><W70/><G70/><T83/><D83/><AGARI ba="0,1" hai="72,77,83,101,103" m="54711,34855,43114" machi="83" ten="30,2000,0" yaku="15,1,54,1" doraHai="116" who="3" fromWho="0" sc="205,-20,244,0,191,0,350,30" /><INIT seed="5,0,0,1,3,92" ten="185,244,191,380" oya="1" hai0="64,99,22,55,94,98,68,96,51,124,32,88,59" hai1="46,82,14,105,134,52,63,36,97,17,110,66,95" hai2="35,40,39,101,54,23,128,1,73,135,72,77,4" hai3="108,65,37,48,75,31,93,100,58,106,133,56,41"/><U129/><E134/><V81/><F35/><W78/><G106/><T6/><D32/><U120/><E120/><V74/><F135/><W12/><G37/><T125/><D6/><U70/><E129/><V18/><F54/><W112/><G31/><T49/><D51/><U47/><E110/><V89/><F89/><W44/><G112/><T50/><D49/><U38/><E105/><V13/><F101/><W69/><G108/><T60/><REACH who="0" step="1"/><D22/><REACH who="0" ten="175,244,191,380" step="2"/><U9/><E38/><V57/><F128/><W45/><G48/><T103/><D103/><U121/><E36/><V42/><F57/><W67/><G100/><T91/><D91/><U111/><E111/><V123/><F123/><W127/><G56/><T43/><D43/><U109/><E109/><V34/><F34/><W86/><G58/><T8/><D8/><U104/><E121/><V2/><F40/><W132/><G41/><T30/><D30/><U61/><E70/><V83/><F77/><W21/><G78/><T29/><D29/><U27/><E9/><V16/><F18/><W76/><G76/><T19/><D19/><U113/><E17/><V53/><F42/><W62/><G69/><T5/><D5/><U117/><E113/><V126/><F39/><W85/><G133/><T90/><D90/><U24/><E117/><V116/><F116/><W79/><G132/><T11/><D11/><U20/><E20/><V26/><F4/><W107/><G21/><T7/><D7/><U28/><E28/><V33/><F33/><W102/><G102/><T119/><D119/><U84/><E66/><V10/><F10/><RYUUKYOKU ba="0,1" sc="175,30,244,-10,191,-10,380,-10" hai0="50,55,59,60,64,68,88,94,96,98,99,124,125" /><INIT seed="6,1,1,1,5,71" ten="205,234,181,370" oya="2" hai0="65,24,76,64,22,66,28,85,128,0,62,5,89" hai1="10,20,51,31,91,73,35,17,11,40,81,107,90" hai2="125,124,134,111,14,119,84,127,23,61,97,118,79" hai3="96,120,19,110,113,102,131,33,29,115,6,75,123"/><V104/><F61/><W8/><G75/><T32/><D76/><U116/><E116/><N who="2" m="44587" /><F23/><W98/><G110/><T44/><D128/><U18/><E35/><V50/><F14/><W74/><G74/><T12/><D0/><U25/><E73/><V26/><F26/><W58/><G131/><T7/><D44/><N who="1" m="25991" /><E107/><V9/><F9/><N who="1" m="3081" /><E81/><N who="2" m="47167" /><F50/><W38/><G33/><T46/><D46/><U117/><E117/><V55/><F55/><W93/><G8/><T78/><D78/><U86/><E86/><V106/><F111/><W47/><G47/><T112/><D5/><U133/><E133/><V130/><F130/><W114/><G6/><T132/><D132/><U49/><E49/><V34/><F34/><W68/><G68/><T72/><D72/><U99/><E31/><V43/><F43/><W92/><G29/><T108/><D108/><U56/><E56/><V77/><F134/><W80/><G58/><T16/><D7/><U36/><E36/><V37/><F37/><W87/><G38/><T70/><REACH who="0" step="1"/><D112/><REACH who="0" ten="195,234,181,370" step="2"/><U60/><E17/><V53/><F77/><N who="3" m="46479" /><G19/><T121/><D121/><U21/><E18/><V39/><F39/><W30/><G30/><T13/><D13/><U2/><E25/><V57/><F97/><W59/><G123/><T83/><AGARI ba="1,2" hai="12,16,22,24,28,32,62,64,65,66,70,83,85,89" machi="83" ten="20,5200,0" yaku="1,1,0,1,7,1,54,1,53,0" doraHai="71" doraHaiUra="1" who="0" fromWho="0" sc="195,75,234,-14,181,-27,370,-14" /><INIT seed="7,0,0,2,0,25" ten="270,220,154,356" oya="3" hai0="38,9,60,109,74,95,126,89,21,4,115,92,13" hai1="80,54,31,46,122,99,27,48,68,65,107,85,79" hai2="86,118,15,49,72,121,91,32,29,50,61,17,108" hai3="11,110,129,114,59,100,42,22,70,66,84,53,12"/><W119/><G100/><T24/><D38/><U14/><E122/><V3/><F108/><W123/><G66/><T8/><D126/><U2/><E2/><V81/><F118/><W51/><G70/><T134/><D134/><U1/><E1/><V34/><F121/><W90/><G42/><T57/><D74/><U23/><E14/><V94/><F3/><W39/><G39/><T10/><D95/><U18/><E68/><V88/><F34/><W97/><G97/><T98/><D115/><U73/><E65/><V33/><F32/><W87/><G87/><T0/><D109/><U83/><E99/><V117/><F117/><W55/><G84/><T28/><D0/><U113/><E113/><V37/><F37/><W20/><G123/><T7/><D7/><U135/><E135/><V104/><F104/><W101/><G101/><T64/><AGARI ba="0,0" hai="4,8,9,10,13,21,24,28,57,60,64,89,92,98" machi="64" ten="20,5200,0" yaku="0,1,7,1,8,1,52,1" doraHai="25" who="0" fromWho="0" sc="270,52,220,-13,154,-13,356,-26" owari="322,12.0,207,-19.0,141,-36.0,330,43.0" /></mjloggm>