<mjloggm ver="2.3"><GO type="169" lobby="0"/><UN n0="%62%69%67%6D%6F%75%74%68" n1="%74%6F%69%74%6F%69%34" n2="%69%54%65%6E%68%6F%75" n3="%73%61%6B%69%2D%E6%9E%97" dan="17,18,16,16" rate="2211.04,2197.50,2183.87,2097.03" sx="M,F,M,M"/><TAIKYOKU oya="0"/><INIT seed="0,0,0,0,0,71" ten="250,250,250,250" oya="0" hai0="98,115,14,61,93,19,111,51,11,23,95,63,55" hai1="135,41,9,30,18,114,21,73,129,120,88,132,24" hai2="65,99,84,94,40,97,118,60,1,28,130,34,53" hai3="107,101,3,104,47,90,76,5,15,113,109,46,69"/><T59/><D115/><U103/><E120/><V83/><F130/><W10/><G69/><T127/><D127/><U108/><E73/><V29/><F1/><W50/><G113/><T56/><D111/><U100/><E114/><V52/><F118/><W64/><G109/><T13/><D59/><U32/><E108/><V22/><F34/><W116/><G64/><T125/><D125/><U79/><E79/><V77/><F40/><W91/><G116/><T121/><D121/><U20/><E41/><V57/><F99/><W35/><G76/><T119/><D119/><U92/><E9/><V38/><F38/><W131/><G35/><T102/><REACH who="0" step="1"/><D95/><REACH who="0" ten="240,250,250,250" step="2"/><U44/><E92/><V66/><F66/><W124/><G131/><T85/><D85/><U26/><E129/><V123/><F123/><W82/><G124/><T80/><D80/><U122/><E122/><V8/><F94/><W2/><G82/><T78/><D78/><U72/><E72/><V37/><F77/><W7/><G101/><T110/><D110/><U134/><E103/><V128/><F83/><W89/><G46/><T67/><D67/><U54/><E100/><V96/><F84/><W74/><G74/><T45/><D45/><U39/><E44/><V43/><F65/><W31/><G47/><T36/><D36/><U68/><E68/><V62/><F37/><W48/><G104/><T58/><D58/><U49/><E39/><V81/><F81/><W0/><G107/><T106/><D106/><U27/><E132/><V42/><F128/><W126/><G126/><T133/><D133/><U117/><E134/><RYUUKYOKU ba="0,1" sc="240,30,250,-10,250,-10,250,-10" hai0="11,13,14,19,23,51,55,56,61,63,93,98,102" /><INIT seed="0,1,1,4,0,1" ten="270,240,240,240" oya="0" hai0="36,100,57,35,68,83,43,96,99,46,32,126,127" hai1="50,131,63,29,61,28,51,34,133,102,49,23,86" hai2="88,67,91,6,59,90,55,54,125,30,37,75,11" hai3="71,129,134,70,87,15,24,4,103,123,21,48,108"/><T93/><D68/><U5/><E34/><V80/><F125/><N who="0" m="47626" /><D83/><U56/><E131/><V58/><F37/><W110/><G129/><T31/><D31/><U16/><E133/><V120/><F120/><W113/><G134/><T52/><D99/><U20/><E102/><V98/><F30/><W81/><G113/><T116/><D116/><U2/><E63/><AGARI ba="1,1" hai="32,35,36,43,46,52,57,63,93,96,100" m="47626" machi="63" ten="30,2900,0" yaku="18,1,54,1" doraHai="1" who="0" fromWho="1" sc="270,42,240,-32,240,0,240,0" /><INIT seed="0,2,0,3,1,47" ten="312,208,240,240" oya="0" hai0="115,60,12,22,1,93,21,42,43,67,46,134,10" hai1="72,36,120,130,108,51,86,65,101,3,15,26,58" hai2="110,24,20,11,56,32,87,85,41,14,116,84,49" hai3="4,76,53,37,128,88,28,38,69,30,9,129,71"/><T45/><D115/><U117/><E36/><V111/><F32/><W131/><G76/><T104/><D104/><U6/><E72/><V27/><F116/><W7/><G9/><T119/><D119/><U102/><E120/><V54/><F41/><W99/><G53/><T33/><D33/><U125/><E3/><V73/><F73/><W124/><G99/><T92/><D1/><U109/><E117/><V44/><F44/><W19/><G19/><T77/><D134/><U34/><E125/><V112/><F112/><W100/><G100/><T23/><D77/><U97/><E130/><V78/><F78/><W2/><G2/><T29/><D29/><N who="3" m="11369" /><G88/><T114/><D114/><U17/><E86/><V18/><REACH who="2" step="1"/><F27/><REACH who="2" ten="312,208,230,240" step="2"/><W106/><G124/><T105/><D46/><U52/><E34/><V91/><F91/><W48/><G38/><T127/><D127/><U16/><E26/><V98/><F98/><W8/><G37/><T31/><D43/><U62/><E102/><V25/><F25/><W122/><G122/><T59/><D31/><AGARI ba="2,1" hai="11,14,18,20,24,31,49,54,56,84,85,87,110,111" machi="31" ten="40,2600,0" yaku="1,1,52,1,53,0" doraHai="47" doraHaiUra="94" who="2" fromWho="0" sc="312,-32,208,0,230,42,240,0" /><INIT seed="1,0,0,3,3,60" ten="280,208,272,240" oya="1" hai0="2,66,18,114,39,51,106,121,72,111,122,91,5" hai1="113,105,21,61,95,16,4,50,14,117,26,68,17" hai2="34,54,56,112,96,38,62,64,28,70,22,32,97" hai3="104,20,74,31,82,92,85,41,76,98,49,79,36"/><U15/><E117/><V23/><F112/><W80/><G36/><T120/><D114/><U115/><E105/><V123/><F123/><W8/><G8/><T84/><D39/><U103/><E4/><V6/><F6/><W135/><G20/><T71/><D72/><U101/><E50/><V81/><F81/><N who="3" m="45207" /><G31/><T100/><D111/><U134/><E134/><V58/><F70/><W59/><G59/><T30/><D30/><U110/><E110/><V29/><F38/><W94/><G49/><T45/><D5/><U118/><E118/><V12/><F32/><W133/><G41/><T35/><D35/><U77/><E77/><V126/><F126/><W132/><G80/><T19/><D2/><U131/><E131/><V46/><F46/><W57/><G57/><T27/><D27/><U78/><E78/><V75/><F75/><W127/><G127/><T63/><D100/><AGARI ba="0,0" hai="79,82,85,92,94,98,100,104,132,133,135" m="45207" machi="100" ten="30,3900,0" yaku="20,1,34,2" doraHai="60" who="3" fromWho="0" sc="280,-39,208,0,272,0,240,39" /><INIT seed="2,0,0,0,2,60" ten="241,208,272,279" oya="2" hai0="38,125,18,28,58,59,100,45,15,77,7,117,122" hai1="135,85,134,65,16,110,20,106,27,84,68,104,73" hai2="43,101,66,124,12,99,82,74,11,112,92,79,10" hai3="72,64,36,113,70,115,83,37,102,51,123,24,61"/><V31/><F112/><N who="3" m="43083" /><G102/><T41/><D122/><U39/><E73/><V86/><F124/><W44/><G24/><T108/><D125/><U14/><E39/><N who="3" m="14922" /><G83/><T13/><D108/><U34/><E110/><V47/><F31/><W133/><G72/><T6/><D117/><U19/><E104/><V69/><F12/><W54/><G133/><N who="1" m="50698" /><E106/><V109/><F109/><W119/><G119/><T128/><D128/><U23/><E34/><V21/><F21/><W80/><G80/><T126/><D126/><U5/><E5/><V105/><F105/><W30/><G30/><T35/><D100/><U8/><E8/><V98/><F98/><W107/><G107/><T22/><D77/><U130/><E130/><V94/><F94/><W96/><G96/><T116/><D116/><U120/><E120/><AGARI ba="0,0" hai="44,51,54,61,64,70,120,123" m="14922,43083" machi="120" ten="30,7700,0" yaku="11,1,34,2,52,1" doraHai="60" who="3" fromWho="1" sc="241,0,208,-77,272,0,279,77" /><INIT seed="3,0,0,3,2,2" ten="241,131,272,356" oya="3" hai0="0,67,20,55,6,15,22,71,57,73,79,24,95" hai1="99,112,14,109,47,52,77,103,64,29,18,85,19" hai2="36,12,86,98,13,42,84,90,31,126,30,130,93" hai3="16,34,11,75,100,106,28,133,66,72,115,39,5"/><W45/><G115/><T101/><D0/><U110/><E112/><V116/><F116/><W134/><G66/><T123/><D123/><U125/><E125/><V35/><F126/><W56/><G56/><T62/><D73/><U135/><E135/><N who="3" m="51722" /><G16/><N who="1" m="6186" /><E29/><V74/><F74/><W127/><G127/><T59/><D79/><U92/><E64/><V118/><F118/><W104/><G28/><T50/><D71/><U111/><E14/><V7/><F130/><W27/><G27/><T131/><D131/><U121/><E121/><V70/><F70/><W65/><G65/><T51/><D51/><N who="1" m="28799" /><E85/><V21/><F35/><W80/><G34/><T38/><D38/><U119/><E77/><V122/><F13/><W88/><G100/><T69/><D69/><U89/><E119/><V60/><F122/><W49/><G39/><T96/><REACH who="0" step="1"/><D24/><REACH who="0" ten="231,131,272,356" step="2"/><U53/><E53/><V26/><F36/><W102/><G72/><T37/><D37/><U8/><E8/><AGARI ba="0,1" hai="6,8,15,20,22,50,55,57,59,62,67,95,96,101" machi="8" ten="40,8000,1" yaku="1,1,8,1,52,1,53,1" doraHai="2" doraHaiUra="44" who="0" fromWho="1" sc="231,90,131,-80,272,0,356,0" /><INIT seed="4,0,0,5,4,2" ten="321,51,272,356" oya="0" hai0="3,0,119,110,97,73,106,77,63,9,61,129,4" hai1="34,99,59,5,30,81,48,69,93,58,41,117,76" hai2="96,102,122,23,74,126,67,85,44,120,52,65,36" hai3="130,100,91,115,27,82,33,83,53,90,8,55,17"/><T24/><D119/><U68/><E117/><V1/><F74/><W123/><G130/><T12/><D129/><U21/><E34/><V32/><F32/><W62/><G33/><T45/><D110/><U112/><E68/><V132/><F132/><W50/><G123/><T133/><D133/><U124/><E69/><V72/><F72/><W127/><G100/><T80/><D24/><U71/><E71/><V20/><F126/><W109/><G109/><T113/><D113/><U6/><E124/><V88/><F1/><W79/><G79/><T40/><D3/><U128/><E128/><V111/><F111/><W16/><G62/><T54/><D54/><U57/><E112/><V103/><F36/><W19/><G127/><T43/><D12/><U25/><E48/><N who="2" m="28679" /><F122/><W134/><G55/><T51/><REACH who="0" step="1"/><D43/><REACH who="0" ten="311,51,272,356" step="2"/><U70/><E41/><V11/><F120/><W131/><G134/><T46/><D46/><U87/><REACH who="1" step="1"/><E70/><REACH who="1" ten="311,41,272,356" step="2"/><V26/><F67/><W98/><G131/><T13/><D13/><U7/><E7/><V84/><F65/><W64/><G64/><T86/><D86/><U114/><E114/><V31/><F84/><W18/><N who="3" m="4096" /><DORA hai="37" /><W15/><G115/><T75/><D75/><U42/><E42/><V10/><F96/><W22/><G15/><T95/><D95/><U47/><E47/><V35/><F85/><W108/><G98/><T14/><D14/><U66/><E66/><V94/><F94/><W104/><G108/><T49/><D49/><U56/><N who="1" m="14336" /><DORA hai="135" /><U28/><E28/><V92/><F92/><W89/><G50/><T116/><D116/><RYUUKYOKU ba="0,2" sc="311,15,41,15,272,-15,356,-15" hai0="0,4,9,40,45,51,61,63,73,77,80,97,106" hai1="5,6,21,25,30,76,81,87,93,99" /><INIT seed="4,1,2,2,5,74" ten="326,56,257,341" oya="0" hai0="99,9,127,35,81,101,34,69,95,113,43,17,125" hai1="52,71,50,133,32,115,4,24,60,92,120,2,39" hai2="3,117,49,105,15,86,51,38,56,100,65,119,42" hai3="135,54,1,73,124,83,20,18,77,79,37,30,12"/><T130/><D69/><U70/><E120/><V72/><F3/><W29/><G37/><T128/><D113/><U36/><E2/><V122/><F122/><W45/><G1/><T25/><D43/><U27/><E4/><V132/><F72/><W6/><G124/><N who="0" m="47691" /><D81/><U16/><E115/><V110/><F110/><W26/><G135/><T91/><D91/><U5/><E5/><V76/><F132/><W63/><G83/><T40/><D40/><U14/><E133/><V121/><F121/><W33/><G73/><T31/><D35/><U28/><E27/><V87/><F15/><AGARI ba="1,2" hai="9,15,17,25,31,34,95,99,101,128,130" m="47691" machi="15" ten="30,1500,0" yaku="18,1" doraHai="74" who="0" fromWho="2" sc="326,38,56,0,257,-18,341,0" /><INIT seed="4,2,0,2,5,62" ten="364,56,239,341" oya="0" hai0="39,114,126,56,120,15,90,28,72,131,68,66,0" hai1="110,46,130,21,51,76,10,107,37,40,50,63,109" hai2="78,133,3,84,20,59,35,13,9,124,16,106,123" hai3="81,61,79,38,88,118,17,73,129,112,122,60,8"/><T94/><D120/><U7/><E107/><V134/><F106/><W132/><G118/><T87/><D0/><U25/><E130/><V105/><F105/><W30/><G38/><T64/><D68/><U29/><E51/><V85/><F123/><W96/><G122/><T52/><D39/><U5/><E5/><N who="2" m="1215" /><F59/><W32/><G129/><T43/><D72/><U33/><E21/><V41/><F41/><W119/><G132/><N who="2" m="50793" /><F78/><W67/><G112/><T98/><D43/><U19/><E19/><V93/><F93/><W75/><G119/><T104/><D114/><U49/><E49/><V117/><F117/><W101/><G60/><T26/><D104/><U115/><E115/><V45/><F45/><W77/><G30/><T125/><D98/><U89/><E76/><V53/><F53/><W18/><G32/><T31/><D56/><U24/><E24/><V99/><F99/><W57/><G8/><T121/><D52/><U1/><E50/><V58/><F58/><W11/><G11/><T44/><D44/><U92/><REACH who="1" step="1"/><E63/><REACH who="1" ten="364,46,239,341" step="2"/><V83/><F20/><W95/><G75/><T127/><D121/><U34/><E34/><V108/><F35/><W128/><G128/><T69/><D131/><U2/><E2/><V103/><F16/><N who="3" m="6251" /><G73/><T6/><D26/><U113/><E113/><V70/><F13/><W36/><G36/><T135/><D135/><U27/><E27/><V80/><F70/><W4/><G4/><T65/><D69/><U54/><E54/><V74/><F108/><W48/><G48/><T42/><D42/><U47/><E47/><V12/><F12/><RYUUKYOKU ba="2,1" sc="364,10,46,10,239,-30,341,10" hai0="6,15,28,31,64,65,66,87,90,94,125,126,127" hai1="1,7,10,25,29,33,37,40,46,89,92,109,110" hai3="57,61,67,77,79,81,88,95,96,101" /><INIT seed="4,3,1,4,2,131" ten="374,56,209,351" oya="0" hai0="60,30,25,14,116,41,128,10,77,95,38,49,123" hai1="33,61,9,19,66,63,76,48,8,2,81,83,74" hai2="4,62,39,45,105,134,15,57,3,96,115,102,97" hai3="1,86,111,84,59,65,98,79,72,54,36,11,28"/><T129/><D123/><U90/><E33/><V132/><F115/><W51/><G36/><T104/><D116/><U56/><E2/><V120/><F120/><W22/><G111/><T23/><D104/><U117/><E117/><V53/><F96/><W37/><G37/><T112/><D112/><U125/><E125/><V64/><F3/><W5/><G98/><T44/><D77/><U26/><E48/><V13/><F4/><W93/><G93/><T133/><D95/><U110/><E110/><V46/><F46/><W101/><G101/><T94/><D94/><U6/><E6/><V126/><F126/><W85/><G65/><T106/><D106/><U32/><E63/><V92/><F105/><W7/><G5/><T70/><D38/><U58/><E58/><V27/><F27/><W50/><G22/><T80/><D80/><U73/><E19/><V52/><F53/><W108/><G28/><T18/><REACH who="0" step="1"/><D133/><REACH who="0" ten="364,56,209,351" step="2"/><N who="2" m="51306" /><F64/><AGARI ba="3,2" hai="10,14,18,23,25,30,41,44,49,60,64,70,128,129" machi="64" ten="40,2000,0" yaku="1,1,53,0" doraHai="131" doraHaiUra="118" who="0" fromWho="2" sc="364,49,56,0,209,-29,351,0" /><INIT seed="4,4,0,2,2,128" ten="413,56,180,351" oya="0" hai0="51,111,52,71,56,29,80,43,107,122,86,40,5" hai1="121,117,103,36,113,20,85,19,127,61,123,34,53" hai2="79,72,25,26,96,22,15,109,44,89,129,78,132" hai3="28,62,98,30,45,63,18,105,33,31,8,84,102"/><T108/><D122/><U70/><E117/><V3/><F3/><W24/><G33/><T69/><D107/><U119/><E119/><V93/><F129/><W92/><G45/><T77/><D29/><U10/><E34/><V32/><F109/><N who="0" m="42058" /><D5/><U17/><E36/><V88/><F32/><W66/><G105/><T95/><D95/><U134/><E103/><V73/><F15/><W112/><G112/><T101/><D101/><U55/><E113/><V65/><F65/><W120/><G120/><T82/><D82/><U41/><E41/><AGARI ba="4,0" hai="40,41,43,51,52,56,69,71,77,80,86" m="42058" machi="41" ten="30,2900,0" yaku="10,1,54,1" doraHai="128" who="0" fromWho="1" sc="413,41,56,-41,180,0,351,0" /><INIT seed="4,5,0,1,5,45" ten="454,15,180,351" oya="0" hai0="1,36,17,74,83,119,40,35,133,114,62,66,96" hai1="122,87,4,30,65,34,132,127,60,98,68,115,48" hai2="111,38,91,85,23,33,129,7,13,103,75,120,51" hai3="2,29,124,109,131,135,22,16,54,106,39,52,49"/><T92/><D119/><U8/><E122/><V9/><F111/><W97/><G109/><T126/><D35/><U42/><E127/><V102/><F120/><W31/><G124/><T105/><D126/><U43/><E132/><V56/><F38/><W104/><G2/><T76/><D1/><U15/><E115/><V84/><F75/><W86/><G39/><T130/><D105/><U18/><E87/><V110/><F110/><W27/><G106/><T53/><D114/><U58/><E98/><V10/><F129/><W26/><G131/><T61/><D130/><U82/><E82/><V71/><F71/><W11/><G135/><T94/><D133/><U20/><E30/><V118/><F33/><W0/><G54/><T3/><D3/><U21/><E34/><V72/><F72/><W77/><G104/><T81/><D81/><U70/><E21/><V88/><F118/><W100/><G0/><T89/><D53/><U95/><E95/><N who="2" m="54663" /><F10/><W25/><G11/><T112/><D112/><U113/><E113/><V73/><F73/><W6/><G6/><T80/><D80/><U107/><E107/><V134/><F23/><W108/><G86/><T41/><D36/><U44/><REACH who="1" step="1"/><E42/><REACH who="1" ten="454,5,180,351" step="2"/><V125/><F125/><W67/><G108/><T101/><D41/><U57/><E57/><V32/><F32/><W14/><G77/><T55/><D40/><U99/><E99/><V128/><F134/><W93/><G67/><T90/><D66/><U19/><E19/><V47/><F128/><W5/><G5/><T12/><D74/><U64/><E64/><V46/><F56/><AGARI ba="5,1" hai="14,16,22,25,26,27,29,31,49,52,56,93,97,100" machi="56" ten="40,8000,1" yaku="6,1,8,1,52,1,54,2" doraHai="45" who="3" fromWho="2" sc="454,0,5,0,180,-95,351,105" /><INIT seed="5,0,0,0,2,72" ten="454,5,85,456" oya="1" hai0="5,65,134,42,90,51,70,75,33,84,98,114,110" hai1="117,27,53,8,107,28,0,89,105,130,60,135,10" hai2="1,57,120,14,68,23,48,132,76,34,111,25,87" hai3="66,104,102,49,93,26,129,22,118,37,109,123,100"/><U55/><E117/><V29/><F120/><W78/><G37/><T131/><D110/><U128/><E89/><V95/><F111/><W4/><G109/><T126/><D75/><U17/><E135/><V35/><F132/><W21/><G104/><T54/><D134/><U127/><E127/><V6/><F68/><W64/><G123/><T31/><D126/><U41/><E41/><V56/><F34/><W85/><G129/><N who="1" m="49770" /><E17/><N who="2" m="10679" /><F48/><W61/><G4/><T36/><D131/><U86/><E86/><V30/><F30/><W9/><G9/><N who="1" m="3690" /><E0/><V97/><F6/><W113/><G113/><T121/><D121/><U106/><E60/><V71/><F71/><W73/><G73/><T18/><D114/><U125/><E125/><V112/><F112/><W7/><G7/><T15/><D5/><U13/><E13/><V63/><F63/><W16/><G118/><T108/><D108/><U99/><E99/><V122/><F122/><W81/><G61/><T101/><D84/><U3/><E3/><V62/><F62/><W59/><G21/><AGARI ba="0,0" hai="21,27,28,53,55,105,106,107" m="3690,49770" machi="21" ten="40,2000,0" yaku="19,1" doraHai="72" who="1" fromWho="3" sc="454,0,5,20,85,0,456,-20" /><INIT seed="5,1,0,4,0,13" ten="454,25,85,436" oya="1" hai0="0,109,19,44,5,10,32,16,18,92,63,100,4" hai1="82,106,98,91,21,25,56,135,60,2,17,66,52" hai2="104,114,86,23,84,34,40,45,43,73,51,37,39" hai3="50,77,64,103,121,112,53,124,33,7,105,96,83"/><U20/><E135/><V58/><F34/><W61/><G33/><T108/><D63/><U95/><E2/><V122/><F122/><W42/><G112/><T87/><D44/><U48/><E106/><V28/><F104/><W9/><G124/><T59/><D59/><U126/><E126/><V79/><F73/><W65/><G121/><T46/><D46/><U107/><E107/><V27/><F114/><W128/><G61/><T89/><D32/><U131/><E131/><V78/><F40/><W47/><G53/><T130/><D130/><U15/><E82/><V88/><F84/><W101/><G101/><T118/><D118/><U120/><E120/><V22/><F22/><W38/><G128/><T71/><D71/><U57/><E25/><V93/><REACH who="2" step="1"/><F58/><REACH who="2" ten="454,25,75,436" step="2"/><W68/><G68/><T113/><D113/><U111/><E111/><V3/><F3/><W134/><G134/><T54/><D109/><U90/><E21/><V133/><F133/><W24/><G24/><T102/><D108/><U94/><E94/><V29/><F29/><W67/><G67/><T26/><D26/><U62/><E62/><V1/><F1/><N who="3" m="239" /><G50/><T85/><D85/><U80/><E80/><V41/><F41/><W8/><G8/><T117/><D117/><U81/><E81/><V125/><F125/><W132/><G132/><T12/><D54/><U70/><E70/><V115/><F115/><W14/><G14/><T55/><D55/><U110/><E110/><V31/><F31/><W99/><G99/><T30/><D30/><U49/><E49/><V72/><F72/><AGARI ba="1,1" hai="38,42,47,64,65,72,77,83,96,103,105" m="239" machi="72" ten="30,1000,0" yaku="25,1" doraHai="13" who="3" fromWho="2" sc="454,0,25,0,75,-13,436,23" /><INIT seed="6,0,0,5,1,104" ten="454,25,62,459" oya="2" hai0="72,73,134,20,15,75,94,68,10,81,61,27,29" hai1="51,21,80,116,95,119,115,17,50,49,67,93,9" hai2="85,132,112,88,47,26,41,77,23,128,105,123,76" hai3="53,54,133,65,92,89,84,102,66,111,106,12,37"/><V60/><F123/><W55/><G37/><T35/><D134/><U24/><E67/><V30/><F112/><W69/><G69/><T127/><D127/><U64/><E115/><V107/><F132/><W40/><G40/><T28/><D94/><U83/><E64/><N who="3" m="24682" /><G111/><T96/><D96/><U78/><E83/><V82/><F128/><W90/><G106/><T43/><D68/><U38/><E38/><V57/><F77/><W101/><G133/><T33/><D61/><U19/><E9/><V99/><F99/><N who="3" m="57743" /><G12/><T39/><D81/><AGARI ba="0,0" hai="53,54,55,81,84,90,101,102" m="57743,24682" machi="81" ten="30,1000,0" yaku="8,1" doraHai="104" who="3" fromWho="0" sc="454,-10,25,0,62,0,459,10" /><INIT seed="7,0,0,0,3,126" ten="444,25,62,469" oya="3" hai0="79,33,117,60,62,95,97,88,12,11,59,25,76" hai1="58,34,72,89,43,124,73,21,80,1,39,7,13" hai2="111,16,3,127,120,35,109,44,56,98,32,18,23" hai3="108,135,93,6,132,134,50,61,46,91,38,105,77"/><W0/><G105/><T54/><D117/><U100/><E34/><V14/><F127/><W31/><G31/><T118/><D118/><U129/><E124/><V55/><F3/><W94/><G38/><T26/><D62/><U90/><E100/><V5/><F5/><W83/><G61/><T57/><D57/><U19/><E58/><V41/><F120/><W99/><G94/><T69/><D69/><U104/><E104/><V29/><F98/><W122/><G122/><T65/><D65/><U133/><E133/><V101/><F101/><W70/><G70/><T125/><D125/><U115/><E115/><V114/><F114/><W85/><G108/><T131/><D131/><U119/><E119/><V128/><F128/><W40/><G6/><N who="0" m="3191" /><D33/><U74/><E129/><V66/><F66/><W110/><G110/><T49/><D60/><U53/><E53/><V9/><F29/><W28/><G28/><T68/><D68/><U8/><REACH who="1" step="1"/><E80/><REACH who="1" ten="444,15,62,469" step="2"/><V92/><F111/><W37/><G37/><T42/><D42/><U10/><E10/><V64/><F109/><W36/><G36/><T48/><D48/><U20/><E20/><V103/><F23/><W71/><G71/><T102/><D102/><U52/><E52/><V106/><F55/><W112/><G112/><T96/><D96/><U51/><E51/><V30/><F106/><W107/><G107/><T130/><D130/><U84/><E84/><V45/><F103/><W113/><G113/><T22/><D22/><U2/><E2/><AGARI ba="0,1" hai="0,2,40,46,50,77,83,85,91,93,99,132,134,135" machi="2" ten="40,2000,0" yaku="20,1" doraHai="126" who="3" fromWho="1" sc="444,0,15,-20,62,0,469,30" owari="444,24.0,-5,-51.0,62,-34.0,499,61.0" /></mjloggm>