<mjloggm ver="2.3"><GO type="169" lobby="0"/><UN n0="%E6%BB%9D%E6%9C%AC%E3%81%B2%E3%81%B5%E3%81%BF%EF%BC%81" n1="%E3%82%BF%E3%83%AA%E3%83%BC%E3%82%B2%E3%82%B9" n2="%44%65%78%69%63" n3="%70%6F%6E%5F%6B%61%73%75" dan="16,16,18,16" rate="2127.15,2116.74,2187.14,2013.50" sx="M,M,M,M"/><TAIKYOKU oya="0"/><INIT seed="0,0,0,4,4,88" ten="250,250,250,250" oya="0" hai0="6,26,23,34,80,66,87,90,100,79,83,92,106" hai1="16,12,133,64,17,24,103,55,49,69,89,47,19" hai2="57,33,125,31,53,112,0,20,58,78,2,22,13" hai3="11,116,134,75,107,101,74,86,68,120,8,37,40"/><T39/><D39/><U110/><E110/><V72/><F112/><W94/><G68/><T123/><D34/><U14/><E133/><V1/><F33/><W108/><G108/><T132/><D123/><U113/><E113/><V18/><F125/><W96/><G116/><T65/><D6/><U54/><E103/><V82/><REACH who="2" step="1"/><F53/><REACH who="2" ten="250,250,240,250" step="2"/><W28/><G120/><T32/><D32/><U9/><E55/><V95/><F95/><W59/><G94/><T129/><D132/><U48/><E54/><V124/><F124/><W85/><G134/><T4/><D129/><U29/><E64/><V105/><F105/><W127/><G107/><T50/><D106/><U21/><E69/><V60/><F60/><W131/><G127/><T56/><D65/><U45/><E89/><V10/><F10/><W25/><G8/><T46/><D66/><U42/><E9/><V67/><F67/><W30/><G11/><T71/><D71/><U73/><E73/><V70/><F70/><W121/><G74/><T36/><D90/><U115/><E115/><V41/><F41/><W77/><G40/><T99/><D92/><U93/><E93/><V126/><F126/><W104/><G131/><T130/><D130/><U98/><E98/><V7/><F7/><W52/><G104/><T51/><D4/><U114/><E114/><V111/><F111/><W122/><G121/><T76/><D99/><U43/><AGARI ba="0,1" hai="12,14,16,17,19,21,24,29,42,43,45,47,48,49" machi="43" ten="30,7900,0" yaku="0,1,9,1,8,1,54,1" doraHai="88" who="1" fromWho="1" sc="250,-39,250,89,240,-20,250,-20" /><INIT seed="1,0,0,3,2,19" ten="211,339,220,230" oya="1" hai0="100,51,25,39,67,42,2,15,85,53,112,70,98" hai1="7,90,12,105,119,68,1,76,23,124,52,106,71" hai2="26,43,62,97,109,99,0,80,117,87,116,101,108" hai3="131,77,72,10,127,96,21,73,135,113,115,133,104"/><U88/><E119/><N who="2" m="45643" /><F26/><W45/><G127/><T6/><D112/><U132/><E124/><V14/><F14/><W114/><G131/><T86/><D2/><U38/><E38/><V125/><F62/><W107/><G10/><T9/><D42/><U65/><E132/><V32/><F43/><W134/><G45/><T8/><D39/><U122/><E122/><V20/><F20/><W123/><G123/><T84/><D8/><U111/><E111/><N who="2" m="42571" /><F32/><W48/><G48/><T75/><D75/><N who="3" m="28745" /><G77/><T50/><D70/><U89/><E1/><V118/><F0/><W31/><G96/><N who="2" m="36937" /><F118/><W29/><G21/><T3/><D67/><U22/><E65/><V130/><F101/><W102/><G102/><T4/><D25/><U66/><E66/><V30/><F30/><AGARI ba="0,0" hai="29,30,31,104,107,113,114,115,133,134,135" m="28745" machi="30" ten="50,6400,0" yaku="28,2,20,1" doraHai="19" who="3" fromWho="2" sc="211,0,339,0,220,-64,230,64" /><INIT seed="2,0,0,1,4,134" ten="211,339,156,294" oya="2" hai0="18,63,97,56,133,10,52,122,8,19,3,96,106" hai1="13,47,78,90,85,110,104,82,55,77,112,37,40" hai2="108,71,126,58,7,118,116,73,11,23,111,127,50" hai3="66,28,26,89,115,22,92,102,27,91,80,67,20"/><V5/><F71/><W4/><G115/><T64/><D122/><U107/><E112/><V135/><F73/><W31/><G102/><T128/><D128/><U2/><E2/><V99/><F135/><W75/><G4/><T105/><D133/><U0/><E0/><V45/><F58/><W61/><G61/><T72/><D72/><U53/><E110/><N who="2" m="42027" /><F99/><N who="0" m="37962" /><D3/><U48/><E55/><N who="2" m="30159" /><F23/><W29/><G75/><T1/><D1/><U46/><E78/><V44/><F44/><W119/><G20/><T95/><D105/><U49/><E37/><V41/><F41/><W109/><G22/><T35/><D106/><U60/><E60/><V65/><F65/><W132/><G67/><T34/><D35/><U129/><E129/><V14/><F5/><W12/><G66/><T131/><D34/><U94/><REACH who="1" step="1"/><E13/><REACH who="1" ten="211,329,156,294" step="2"/><V70/><F70/><W43/><G12/><T83/><D131/><U81/><E81/><V125/><AGARI ba="0,1" hai="7,11,14,116,118,125,126,127" m="30159,42027" machi="125" ten="40,18000,2" yaku="18,1,14,1,10,1,52,3" doraHai="134" who="2" fromWho="2" sc="211,-60,329,-60,156,190,294,-60" /><INIT seed="2,1,0,5,4,87" ten="151,269,346,234" oya="2" hai0="77,67,104,49,34,9,84,39,96,113,120,47,44" hai1="88,127,122,26,37,114,98,33,89,5,61,4,25" hai2="108,54,14,69,1,110,131,100,112,129,62,53,80" hai3="105,28,8,90,21,30,82,103,126,35,109,75,73"/><V57/><F1/><W16/><G109/><N who="2" m="42089" /><F100/><W91/><G126/><T20/><D34/><U107/><E127/><V68/><F14/><W124/><G124/><T50/><D120/><U2/><E37/><V106/><F106/><W74/><G35/><T40/><D113/><U60/><E33/><V65/><F80/><W92/><G8/><T83/><D67/><U23/><E114/><V133/><F133/><W31/><G105/><T46/><D20/><U36/><E36/><V10/><F112/><W7/><G7/><N who="1" m="2634" /><E107/><V81/><F81/><W86/><G103/><T24/><D24/><N who="1" m="9323" /><E23/><V101/><F101/><W18/><REACH who="3" step="1"/><G21/><REACH who="3" ten="151,269,346,224" step="2"/><T119/><D9/><U3/><E122/><V78/><F10/><W48/><G48/><T11/><D11/><U56/><E3/><V51/><F78/><W72/><N who="3" m="18432" /><DORA hai="121" /><W111/><G111/><T19/><D104/><U93/><E2/><V135/><F135/><W63/><G63/><N who="1" m="24138" /><E56/><N who="2" m="32831" /><F65/><W13/><G13/><T132/><D132/><U27/><E27/><V85/><F85/><AGARI ba="1,1" hai="16,18,28,30,31,82,85,86,90,91,92" m="18432" machi="85" ten="70,8000,1" yaku="1,1,52,2,54,1,53,0" doraHai="87,121" doraHaiUra="42,118" who="3" fromWho="2" sc="151,0,269,0,346,-83,224,93" /><INIT seed="3,0,0,5,0,8" ten="151,269,263,317" oya="3" hai0="2,101,124,82,127,100,103,113,78,15,116,102,74" hai1="56,69,86,41,89,32,120,125,61,52,64,98,38" hai2="108,53,43,19,25,42,3,106,105,115,23,20,26" hai3="87,79,55,17,14,33,99,45,46,114,96,110,7"/><W35/><G114/><T85/><D2/><U60/><E125/><N who="0" m="48201" /><D15/><U16/><E120/><V59/><F108/><W128/><G7/><T95/><D116/><U28/><E98/><V134/><F134/><W36/><G110/><T21/><D21/><U49/><E32/><V63/><F115/><W47/><G36/><T24/><D24/><U92/><E28/><V12/><F3/><W68/><G68/><T118/><D118/><U54/><E41/><N who="2" m="15371" /><F106/><W48/><G128/><T18/><D18/><U84/><E38/><V31/><F105/><W57/><G35/><T80/><D113/><U37/><E37/><V27/><AGARI ba="0,0" hai="12,19,20,23,25,26,27,31,53,59,63" m="15371" machi="27" ten="30,2000,0" yaku="8,1,52,1" doraHai="8" who="2" fromWho="2" sc="151,-5,269,-5,263,20,317,-10" /><INIT seed="4,0,0,4,2,44" ten="146,264,283,307" oya="0" hai0="77,86,10,50,52,101,123,18,23,115,5,119,17" hai1="25,1,6,63,82,62,85,84,42,45,28,108,2" hai2="100,60,126,120,125,98,30,4,116,72,78,67,27" hai3="24,66,21,43,99,8,129,38,64,9,93,58,32"/><T26/><D119/><U19/><E108/><V80/><F4/><W11/><G32/><T74/><D74/><U70/><E85/><V89/><F89/><W87/><G87/><T41/><D115/><U3/><E19/><V121/><F116/><W68/><G68/><T57/><D123/><U107/><E6/><V54/><F54/><W135/><G129/><T103/><D17/><U124/><E107/><V104/><F125/><W134/><G38/><T34/><D34/><U29/><E124/><V7/><F7/><W112/><G43/><T118/><D41/><U81/><E81/><V88/><F88/><W79/><G79/><T95/><D118/><U14/><E14/><V56/><F126/><W109/><G109/><T33/><D33/><AGARI ba="0,0" hai="27,30,33,56,60,67,72,78,80,98,100,104,120,121" machi="33" ten="30,1000,0" yaku="7,1" doraHai="44" who="2" fromWho="0" sc="146,-10,264,0,283,10,307,0" /><INIT seed="5,0,0,0,0,9" ten="136,264,293,307" oya="1" hai0="58,3,30,115,53,40,75,124,111,99,103,90,116" hai1="61,14,49,13,88,62,127,64,87,100,51,52,77" hai2="16,32,12,23,128,95,47,118,91,57,4,63,108" hai3="31,17,25,84,43,110,131,117,81,19,123,130,54"/><U7/><E127/><V93/><F108/><W66/><G110/><T34/><D116/><U135/><E77/><V41/><F32/><W6/><G123/><T35/><D111/><U48/><E100/><V85/><F118/><W22/><G66/><T76/><D3/><U78/><E78/><V104/><F104/><W119/><G6/><T132/><D115/><U55/><E135/><V105/><F105/><W2/><G43/><T83/><D132/><U29/><E29/><V56/><F128/><N who="3" m="49195" /><G54/><N who="1" m="20522" /><E7/><V80/><F4/><W36/><G36/><T71/><D71/><U126/><E126/><V89/><F63/><N who="1" m="24073" /><E64/><V65/><F65/><W106/><G106/><T122/><D124/><U44/><E44/><V39/><REACH who="2" step="1"/><F80/><AGARI ba="0,0" hai="13,14,48,49,51,80,87,88" m="24073,20522" machi="80" ten="30,12000,1" yaku="8,1,52,2,54,2" doraHai="9" who="1" fromWho="2" sc="136,0,264,120,293,-120,307,0" /><INIT seed="5,1,0,5,2,41" ten="136,384,173,307" oya="1" hai0="1,91,57,130,112,63,125,122,20,119,26,28,62" hai1="80,87,96,113,29,31,104,133,81,99,77,44,32" hai2="118,94,21,123,15,72,100,76,46,121,61,24,127" hai3="73,22,49,43,75,88,95,66,50,109,64,52,132"/><U3/><E3/><V45/><F118/><W124/><G109/><T135/><D119/><U38/><E113/><V65/><F15/><W103/><G103/><T83/><D1/><U9/><E133/><V10/><F10/><W16/><G124/><T47/><D112/><U120/><E120/><V55/><F127/><W131/><G131/><T79/><D125/><U30/><E32/><V85/><F55/><W7/><G7/><T36/><D135/><U53/><E104/><V14/><F14/><N who="3" m="9495" /><G132/><T68/><D130/><U78/><E9/><V126/><F126/><W134/><G134/><T108/><D108/><U33/><E33/><V19/><F121/><W117/><G117/><T69/><D91/><U34/><E34/><V105/><F72/><N who="3" m="27723" /><G50/><T40/><D122/><U89/><E38/><V114/><F123/><W93/><G93/><T23/><D23/><U48/><REACH who="1" step="1"/><E81/><REACH who="1" ten="136,374,173,307" step="2"/><N who="2" m="47271" /><F105/><W60/><G43/><T59/><D83/><U97/><AGARI ba="1,1" hai="29,30,31,44,48,53,77,78,80,87,89,96,97,99" machi="97" ten="30,18000,2" yaku="1,1,0,1,8,1,52,1,53,2" doraHai="41" doraHaiUra="74" who="1" fromWho="1" sc="136,-61,374,193,173,-61,307,-61" /><INIT seed="5,2,0,2,4,88" ten="75,567,112,246" oya="1" hai0="75,128,65,19,44,2,33,62,63,14,8,40,104" hai1="122,93,107,22,38,106,26,82,134,73,30,124,86" hai2="20,70,90,100,77,89,95,96,25,66,102,114,55" hai3="84,133,35,60,109,29,10,9,127,50,85,105,103"/><U98/><E122/><V68/><F114/><W94/><G127/><T53/><D104/><U11/><E124/><V39/><F39/><W24/><G133/><T92/><D75/><U56/><E134/><V27/><F77/><W23/><G35/><T5/><D33/><U118/><E118/><V32/><F55/><W91/><G105/><T31/><D31/><U41/><E73/><V76/><F76/><W119/><G103/><T0/><D128/><U110/><E110/><V18/><F100/><W47/><G109/><T87/><D53/><U130/><E130/><V123/><F123/><W79/><G60/><T3/><D5/><U117/><E117/><V58/><F58/><W49/><G49/><T28/><D28/><U111/><E11/><V67/><F70/><W121/><G119/><T120/><D120/><U108/><E56/><V61/><F67/><W45/><G45/><T115/><D115/><U12/><E12/><V99/><F99/><W116/><G116/><T74/><D74/><U112/><E112/><V71/><F71/><W69/><G69/><T72/><D72/><U54/><E54/><V37/><F37/><W64/><G64/><T57/><D63/><U6/><E111/><V48/><F48/><W34/><G34/><T43/><REACH who="0" step="1"/><D44/><REACH who="0" ten="65,567,112,246" step="2"/><N who="1" m="23607" /><E108/><V1/><F1/><W42/><G121/><T80/><D80/><AGARI ba="2,1" hai="9,10,23,24,29,42,47,50,79,80,84,85,91,94" machi="80" ten="40,2600,0" yaku="8,1,52,1" doraHai="88" who="3" fromWho="0" sc="65,-32,567,0,112,0,246,42" /><INIT seed="6,0,0,3,3,116" ten="33,567,112,288" oya="2" hai0="88,60,123,32,25,68,30,134,34,55,35,45,57" hai1="95,115,89,46,85,113,47,41,16,98,104,131,76" hai2="81,3,93,1,23,63,126,79,117,51,118,102,38" hai3="0,78,58,91,128,100,65,119,106,69,27,101,24"/><V111/><F38/><W110/><G110/><T99/><D134/><U80/><E131/><V37/><F37/><W56/><G0/><T74/><D74/><N who="1" m="43031" /><E16/><V5/><F126/><W127/><G78/><T121/><D68/><U59/><E59/><V122/><F122/><W130/><G119/><T19/><D19/><U75/><E75/><V107/><F107/><W64/><G91/><T70/><D70/><U86/><E86/><V20/><F63/><W83/><G83/><T8/><D8/><U135/><E135/><V109/><F51/><W94/><G94/><T73/><D73/><U87/><E87/><N who="2" m="48575" /><F93/><W133/><G69/><T29/><D45/><N who="1" m="16907" /><E41/><V124/><F124/><W77/><G133/><T132/><D132/><U12/><E12/><V72/><F102/><AGARI ba="0,0" hai="85,89,95,98,102,104,113,115" m="16907,43031" machi="102" ten="30,1000,0" yaku="24,1" doraHai="116" who="1" fromWho="2" sc="33,0,567,10,112,-10,288,0" /><INIT seed="7,0,0,4,3,29" ten="33,577,102,288" oya="3" hai0="132,36,93,119,66,65,60,105,33,78,103,100,24" hai1="39,81,125,12,52,1,67,131,30,21,69,123,22" hai2="70,107,62,74,17,85,124,63,28,27,126,79,13" hai3="8,61,7,87,41,11,98,135,80,38,53,108,57"/><W73/><G135/><T58/><D119/><U20/><E123/><V112/><F74/><W3/><G108/><T45/><D132/><U59/><E39/><V54/><F107/><W120/><G120/><T101/><D78/><U121/><E1/><V51/><F112/><W34/><G11/><T23/><D105/><U130/><E121/><V127/><F70/><W55/><G98/><T116/><D116/><U117/><E117/><V90/><F79/><W68/><G68/><T47/><D65/><U77/><E125/><V32/><F51/><W91/><G73/><T113/><D113/><U48/><E67/><V128/><F54/><W2/><G2/><T122/><D122/><U15/><E30/><V42/><F42/><W92/><G92/><T115/><D115/><U26/><E26/><V94/><F128/><N who="1" m="49193" /><E69/><V10/><AGARI ba="0,0" hai="10,13,17,27,28,32,62,63,85,90,94,124,126,127" machi="10" ten="30,4000,0" yaku="0,1,18,1,52,1" doraHai="29" who="2" fromWho="2" sc="33,-10,577,-10,102,40,288,-20" owari="23,-48.0,567,67.0,142,-26.0,268,7.0" /></mjloggm>