<mjloggm ver="2.3"><GO type="169" lobby="0"/><UN n0="%C2%A7%E7%8D%85%E5%AD%90%E5%8E%9F%E7%88%BD" n1="%E6%B0%B4%E7%84%A1%E6%9C%88%2A%E9%9F%BF" n2="%4B%2D%4D%2D%42" n3="%EF%BC%8A%E7%B4%97%E5%BC%A5%E8%8F%AF%EF%BC%8A" dan="16,16,16,17" rate="2077.37,2094.53,2093.12,2149.62" sx="F,M,M,F"/><TAIKYOKU oya="0"/><INIT seed="0,0,0,3,2,131" ten="250,250,250,250" oya="0" hai0="51,35,18,102,39,8,80,113,36,22,12,15,34" hai1="37,119,126,76,4,124,82,31,48,53,110,6,120" hai2="11,41,14,99,9,129,58,83,28,52,30,125,32" hai3="67,90,77,97,0,42,103,19,112,33,127,59,132"/><T122/><D113/><U104/><E119/><V78/><F129/><W27/><G0/><T133/><D122/><U100/><E37/><V47/><F125/><W64/><G112/><T55/><D102/><U70/><E70/><V68/><F68/><W93/><G127/><T81/><D51/><U75/><E120/><V92/><F32/><W71/><G71/><T91/><D22/><U85/><E110/><V86/><F47/><W26/><G77/><T96/><D96/><U50/><E31/><V10/><F14/><W89/><G42/><T114/><D91/><N who="3" m="34825" /><G33/><T44/><D44/><U69/><E69/><V29/><F41/><W13/><G132/><T23/><D23/><U107/><E75/><V111/><F111/><W21/><G59/><T130/><D130/><U117/><E117/><V109/><F109/><W73/><G73/><T94/><D94/><U17/><E76/><V98/><REACH who="2" step="1"/><F92/><REACH who="2" ten="250,250,240,250" step="2"/><W95/><G95/><T87/><D114/><U40/><E40/><V45/><F45/><W65/><AGARI ba="0,1" hai="13,19,21,26,27,64,65,67,93,97,103" m="34825" machi="65" ten="30,1100,0" yaku="8,1" doraHai="131" who="3" fromWho="3" sc="250,-5,250,-3,240,-3,250,21" /><INIT seed="1,0,0,1,4,10" ten="245,247,237,271" oya="1" hai0="3,66,104,96,70,75,97,58,11,132,134,65,98" hai1="128,18,54,6,15,64,129,94,48,2,111,50,69" hai2="112,9,16,82,43,124,31,1,114,60,35,21,12" hai3="51,47,120,89,52,100,44,102,85,30,8,42,110"/><U28/><E28/><V68/><F43/><W34/><G120/><T95/><D70/><U127/><E127/><V133/><F68/><W116/><G116/><T36/><D36/><U5/><E111/><V107/><F107/><W119/><G119/><T131/><D75/><U55/><E69/><V0/><F60/><W88/><G110/><T105/><D95/><U7/><E64/><N who="0" m="24681" /><D58/><U77/><E2/><N who="2" m="1131" /><F82/><W79/><G30/><T101/><D101/><N who="3" m="39017" /><G34/><T125/><D3/><U49/><E77/><V103/><F103/><W130/><G130/><N who="1" m="50282" /><E94/><V115/><F133/><N who="0" m="51306" /><D131/><U80/><E80/><V67/><F67/><W71/><G71/><T26/><D26/><U92/><E92/><V118/><F124/><W17/><G79/><T24/><D125/><U56/><E55/><V27/><F118/><W61/><G85/><T40/><D40/><U14/><E18/><V39/><F39/><W59/><G47/><T109/><D109/><U93/><E93/><V23/><AGARI ba="0,0" hai="9,12,16,21,23,27,31,35,112,114,115" m="1131" machi="23" ten="40,8000,1" yaku="11,1,34,2,52,1,54,1" doraHai="10" who="2" fromWho="2" sc="245,-20,247,-40,237,80,271,-20" /><INIT seed="2,0,0,2,3,14" ten="225,207,317,251" oya="2" hai0="25,96,50,101,0,67,127,60,31,8,43,18,54" hai1="134,6,11,37,66,111,113,93,102,79,114,86,132" hai2="4,45,5,99,69,48,89,41,21,130,121,73,22" hai3="3,40,26,58,44,95,105,1,128,110,17,70,32"/><V124/><F121/><W34/><G70/><T19/><D127/><U133/><E37/><V47/><F124/><W84/><G105/><T108/><D108/><U55/><E66/><V91/><F130/><W77/><G110/><T20/><D43/><U82/><E111/><V71/><F48/><W64/><G128/><T52/><D0/><U119/><E55/><V30/><F99/><W38/><G3/><T46/><D54/><U74/><E6/><V78/><F78/><W65/><G1/><T92/><D8/><U94/><E11/><V10/><F10/><W97/><G64/><T72/><D72/><U49/><E49/><V28/><REACH who="2" step="1"/><F73/><REACH who="2" ten="225,207,307,251" step="2"/><W116/><G77/><T51/><REACH who="0" step="1"/><D50/><REACH who="0" ten="215,207,307,251" step="2"/><U57/><E74/><V88/><F88/><W29/><G38/><T23/><D23/><U36/><E36/><V104/><F104/><W59/><G32/><T109/><D109/><U68/><E79/><V56/><F56/><AGARI ba="0,2" hai="18,19,20,25,31,46,51,52,56,60,67,92,96,101" machi="56" ten="30,16000,3" yaku="1,1,7,1,25,2,8,1,52,2,54,1,53,0" doraHai="14" doraHaiUra="125" who="0" fromWho="2" sc="215,180,207,0,307,-160,251,0" /><INIT seed="3,0,0,1,5,94" ten="395,207,147,251" oya="3" hai0="18,4,43,119,80,50,5,32,20,57,79,67,8" hai1="134,26,21,47,34,23,126,96,12,45,39,89,24" hai2="84,82,72,7,109,27,124,110,42,56,131,10,73" hai3="33,52,123,99,31,68,92,9,41,112,93,121,70"/><W37/><G112/><T59/><D32/><U40/><E134/><V54/><F124/><W25/><G9/><T111/><D111/><N who="2" m="42506" /><F131/><W2/><G2/><T36/><D36/><U133/><E133/><V49/><F27/><W63/><G93/><T118/><D118/><U71/><E71/><V38/><F38/><W91/><G41/><T103/><D103/><U22/><E126/><V65/><F65/><W29/><G29/><T122/><D122/><U88/><E34/><V87/><F42/><W116/><G37/><T64/><D59/><U48/><E12/><N who="2" m="5215" /><F87/><W30/><G30/><T130/><D4/><U115/><E115/><V0/><F0/><W132/><G116/><T101/><D64/><U120/><E120/><V51/><F51/><W69/><REACH who="3" step="1"/><G132/><REACH who="3" ten="395,207,147,241" step="2"/><T90/><D43/><U76/><E39/><V15/><F15/><W17/><G17/><T105/><D18/><U129/><E26/><V107/><F107/><W28/><G28/><T55/><D105/><U128/><E24/><V35/><F35/><W104/><G104/><T14/><D8/><U78/><E23/><V135/><F135/><W62/><G62/><T46/><D20/><U85/><E40/><V58/><F58/><AGARI ba="0,1" hai="25,31,33,52,58,63,68,69,70,91,92,99,121,123" machi="58" ten="40,7700,0" yaku="1,1,52,1,54,1,53,0" doraHai="94" doraHaiUra="13" who="3" fromWho="2" sc="395,0,207,0,147,-77,241,87" /><INIT seed="3,1,0,4,3,86" ten="395,207,70,328" oya="3" hai0="116,30,67,64,29,105,112,52,95,49,9,14,65" hai1="106,13,99,103,19,69,134,74,104,27,0,72,62" hai2="85,56,34,6,82,63,12,84,120,4,60,17,16" hai3="97,7,24,114,110,58,70,121,83,131,80,46,5"/><W45/><G70/><T36/><D105/><U81/><E0/><V78/><F120/><W53/><G121/><T113/><D36/><U108/><E108/><V90/><F34/><W92/><G114/><N who="0" m="44139" /><D116/><U10/><E134/><V41/><F41/><W91/><G110/><T88/><D14/><U42/><E106/><V75/><F75/><W119/><G24/><T21/><D21/><U40/><E74/><V133/><F133/><W1/><G1/><T55/><D9/><U118/><E118/><V71/><F71/><W122/><G119/><T125/><D125/><U37/><E37/><V51/><F51/><N who="3" m="31039" /><G122/><T22/><D22/><U73/><E73/><V18/><F12/><W25/><G25/><T98/><D55/><U15/><E15/><V2/><F2/><W93/><G131/><T26/><D26/><U124/><E124/><V127/><F127/><W66/><G66/><T87/><D98/><U89/><E27/><V79/><F79/><W68/><G68/><T109/><D109/><U77/><E69/><V47/><F47/><AGARI ba="1,0" hai="29,30,47,49,52,64,65,67,87,88,95" m="44139" machi="47" ten="30,7700,0" yaku="11,1,52,1,54,2" doraHai="86" who="0" fromWho="2" sc="395,80,207,0,70,-80,328,0" owari="475,57.0,207,-19.0,-10,-51.0,328,13.0" /></mjloggm>