<mjloggm ver="2.3"><GO type="169" lobby="0"/><UN n0="%E3%82%8A%E3%82%80%E3%81%A1%E3%82%88%E3%82%8D%E3%81%A3" n1="%E3%81%9F%E3%81%BE%E5%AD%90" n2="%62%65%74%74%79" n3="%4B%2D%4D%2D%42" dan="16,16,17,16" rate="2159.46,2099.51,2166.27,2091.88" sx="M,M,M,M"/><TAIKYOKU oya="0"/><INIT seed="0,0,0,3,3,47" ten="250,250,250,250" oya="0" hai0="68,60,79,127,73,110,0,109,113,4,39,105,91" hai1="121,76,8,54,1,37,124,75,89,65,24,70,27" hai2="7,99,85,56,96,38,17,125,59,83,131,2,52" hai3="29,42,3,55,111,97,122,41,123,20,103,112,30"/><T16/><D113/><U114/><E121/><N who="3" m="46090" /><G111/><N who="0" m="42507" /><D127/><U64/><E124/><V86/><F38/><W102/><G112/><T116/><D116/><U22/><E114/><V120/><F120/><W78/><G3/><T63/><D39/><U84/><E37/><V66/><F131/><W107/><G102/><T49/><D105/><U44/><E76/><V19/><F7/><W81/><G55/><T48/><D91/><U43/><E75/><V115/><F2/><W108/><G108/><T93/><D93/><U130/><E43/><N who="3" m="16394" /><G20/><T57/><D68/><U23/><E23/><V9/><F115/><W51/><G51/><N who="0" m="19531" /><D57/><U18/><E89/><V13/><F59/><W6/><G6/><T46/><D46/><U62/><E44/><V67/><F125/><W58/><G58/><T119/><D119/><U100/><E70/><V134/><F56/><W12/><G12/><T15/><D4/><N who="1" m="1039" /><E130/><V135/><F13/><W132/><G132/><T72/><D0/><U34/><E27/><V25/><F25/><W53/><G53/><T118/><D118/><U128/><E54/><V82/><F52/><W21/><G21/><N who="0" m="11423" /><D79/><U10/><E128/><V31/><F135/><W126/><G126/><T94/><D94/><U50/><E50/><V36/><F134/><W5/><G5/><T104/><D104/><U26/><E26/><V14/><F36/><W88/><G78/><T106/><D106/><U90/><E24/><V33/><F83/><W71/><G71/><T95/><D95/><U98/><E90/><V129/><F129/><W101/><G101/><T32/><D32/><U28/><E100/><RYUUKYOKU ba="0,0" sc="250,15,250,-15,250,-15,250,15" hai0="60,63,72,73" hai3="29,30,81,88,97,103,107" /><INIT seed="0,1,0,4,2,73" ten="265,235,235,265" oya="0" hai0="98,126,117,70,34,131,35,66,127,21,100,58,15" hai1="103,110,76,60,109,106,49,44,20,134,86,118,13" hai2="78,104,17,113,11,29,96,94,93,87,51,79,112" hai3="129,36,128,40,95,101,92,2,82,53,43,5,30"/><T59/><D117/><U68/><E118/><V85/><F29/><W122/><G122/><T81/><D131/><N who="3" m="50249" /><G30/><T57/><D15/><U108/><E134/><V65/><F65/><W42/><G36/><T48/><D21/><U119/><E119/><V9/><F51/><W50/><G101/><T28/><D48/><U135/><E135/><V80/><F17/><W102/><G102/><T77/><D66/><U0/><E0/><V84/><F84/><W75/><G5/><T83/><D70/><U89/><E60/><V26/><F26/><W45/><G2/><T62/><D62/><U16/><E68/><V56/><F56/><W25/><G25/><T67/><D67/><U6/><E6/><V132/><F96/><W19/><G19/><T46/><D46/><U22/><E22/><V115/><F132/><W105/><G105/><T23/><D23/><U55/><E103/><V3/><F104/><W114/><G114/><T33/><D28/><U90/><REACH who="1" step="1"/><E106/><REACH who="1" ten="265,225,235,265" step="2"/><V111/><F3/><W39/><G39/><T8/><D8/><U69/><E69/><V71/><F71/><W97/><G97/><T12/><D12/><U133/><E133/><V74/><F113/><W124/><G124/><T107/><REACH who="0" step="1"/><D83/><AGARI ba="1,1" hai="13,16,20,44,49,55,76,83,86,89,90,108,109,110" machi="83" ten="40,8000,1" yaku="1,1,14,1,52,1,54,1,53,0" doraHai="73" doraHaiUra="91" who="1" fromWho="0" sc="265,-83,225,93,235,0,265,0" /><INIT seed="1,0,0,5,2,116" ten="182,318,235,265" oya="1" hai0="66,52,64,129,45,83,62,78,110,76,115,9,4" hai1="55,19,63,109,84,133,70,131,82,111,117,6,56" hai2="86,54,118,58,125,44,59,26,51,61,39,20,132" hai3="11,102,134,33,72,71,12,7,30,0,49,135,31"/><U47/><E117/><V95/><F118/><W18/><G71/><T101/><D115/><U10/><E131/><V103/><F125/><W21/><G72/><T28/><D129/><U127/><E127/><V50/><F132/><N who="3" m="50731" /><G102/><T93/><D110/><N who="1" m="41995" /><E133/><V5/><F5/><W119/><G119/><T22/><D28/><N who="3" m="10793" /><G49/><T87/><D22/><U92/><E70/><V43/><F59/><W24/><G33/><T69/><D78/><U79/><E47/><V96/><F86/><W105/><G105/><T41/><D66/><U48/><E92/><V14/><REACH who="2" step="1"/><F14/><AGARI ba="0,0" hai="0,7,11,12,14,18,21,24" m="10793,50731" machi="14" ten="30,3900,0" yaku="20,1,34,2" doraHai="116" who="3" fromWho="2" sc="182,0,318,0,235,-39,265,39" /><INIT seed="2,0,0,5,0,62" ten="182,318,196,304" oya="2" hai0="71,0,20,54,89,64,125,123,69,124,98,63,134" hai1="24,13,76,78,17,7,115,132,10,122,8,23,16" hai2="4,101,112,46,120,65,12,108,27,36,22,74,6" hai3="75,80,106,113,42,43,118,11,9,99,119,103,60"/><V86/><F112/><W55/><G113/><T58/><D0/><U79/><E115/><V2/><F120/><W32/><G32/><T26/><D123/><U73/><E122/><V57/><F74/><W117/><G55/><T126/><D134/><U107/><E107/><V31/><F2/><W85/><G75/><T95/><REACH who="0" step="1"/><D54/><REACH who="0" ten="172,318,196,304" step="2"/><U53/><E132/><V39/><F108/><W33/><G118/><T127/><N who="0" m="31744" /><DORA hai="70" /><T40/><D40/><U28/><E73/><V109/><F109/><W110/><G117/><T29/><AGARI ba="0,1" hai="20,26,29,58,63,64,69,71,89,95,98" m="31744" machi="29" ten="60,8000,1" yaku="1,1,0,1,18,1,52,1,53,0" doraHai="62,70" doraHaiUra="72,45" who="0" fromWho="0" sc="172,90,318,-20,196,-40,304,-20" /><INIT seed="3,0,0,2,2,132" ten="262,298,156,284" oya="3" hai0="37,11,21,117,102,24,52,129,26,60,133,7,48" hai1="34,73,93,40,49,89,63,25,8,72,62,68,29" hai2="123,110,84,4,108,87,70,54,55,82,79,92,39" hai3="126,76,114,2,119,104,17,101,112,50,44,0,36"/><W41/><G119/><T38/><D117/><U67/><E63/><V109/><F123/><W83/><G126/><T59/><D133/><U71/><E71/><V27/><F70/><W43/><G104/><T96/><D129/><U97/><REACH who="1" step="1"/><E8/><REACH who="1" ten="262,288,156,284" step="2"/><V58/><F109/><W20/><G112/><T64/><D60/><U80/><E80/><V122/><F110/><W57/><G114/><T31/><D64/><U95/><E95/><V28/><F108/><W116/><G116/><T118/><D118/><U135/><E135/><V69/><F69/><W106/><G106/><T94/><REACH who="0" step="1"/><D26/><REACH who="0" ten="252,288,156,284" step="2"/><U127/><E127/><V13/><F27/><W3/><G3/><AGARI ba="0,2" hai="3,7,11,21,24,31,37,38,48,52,59,94,96,102" machi="3" ten="30,7700,0" yaku="1,1,2,1,7,1,54,1,53,0" doraHai="132" doraHaiUra="65" who="0" fromWho="3" sc="252,97,288,0,156,0,284,-77" /><INIT seed="4,0,0,4,3,99" ten="349,288,156,207" oya="0" hai0="8,126,62,0,34,55,119,97,37,30,83,132,100" hai1="95,23,106,81,89,46,113,82,71,64,61,86,76" hai2="131,124,49,67,110,44,118,24,47,103,15,88,115" hai3="134,92,45,19,41,84,59,57,111,122,87,42,91"/><T29/><D119/><U93/><E106/><V56/><F110/><W94/><G111/><T38/><D126/><U20/><E113/><V109/><F109/><W53/><G134/><T16/><D132/><U80/><E95/><V123/><F123/><W54/><G122/><T63/><D83/><U74/><E46/><V1/><F1/><W98/><G45/><T22/><D38/><U75/><REACH who="1" step="1"/><E82/><REACH who="1" ten="349,278,156,207" step="2"/><V133/><F47/><W7/><G92/><T130/><D130/><U26/><E26/><V127/><F133/><W18/><G94/><T102/><D37/><U73/><E73/><V17/><F131/><W3/><G42/><T4/><D97/><U50/><E50/><V6/><F115/><W72/><G41/><T96/><D96/><U39/><E39/><V12/><F49/><W107/><G98/><T105/><D105/><U31/><E31/><V108/><F44/><W58/><G72/><T43/><D43/><U117/><E117/><V70/><F108/><W85/><G107/><T69/><D30/><U101/><E101/><V35/><F103/><W68/><G87/><T52/><D100/><U5/><E5/><V90/><F118/><W25/><G85/><T32/><D102/><U125/><E125/><V135/><F135/><W2/><G25/><N who="0" m="14535" /><D29/><U9/><E9/><V116/><F127/><W65/><G84/><T129/><D129/><U78/><AGARI ba="0,1" hai="20,23,61,64,71,74,75,76,78,80,81,86,89,93" machi="78" ten="30,4000,0" yaku="1,1,0,1,9,1,53,0" doraHai="99" doraHaiUra="11" who="1" fromWho="1" sc="349,-20,278,50,156,-10,207,-10" /><INIT seed="5,0,0,4,4,74" ten="329,328,146,197" oya="1" hai0="130,33,35,103,42,80,129,83,89,52,87,66,102" hai1="39,117,58,31,88,57,132,37,38,4,100,19,64" hai2="23,25,14,119,124,92,109,48,5,128,123,7,81" hai3="55,15,8,93,90,107,32,78,84,2,10,34,28"/><U26/><E117/><V116/><F109/><W104/><G2/><T76/><D66/><U120/><E120/><V59/><F123/><W96/><G104/><T11/><D42/><U133/><E100/><N who="0" m="38441" /><D11/><U127/><E127/><V36/><F124/><W112/><G112/><T29/><D29/><U27/><E4/><V44/><F36/><W110/><G107/><T0/><D0/><U113/><E113/><V82/><F128/><N who="0" m="49258" /><D52/><U98/><E19/><V61/><F92/><W56/><G110/><T53/><D53/><U60/><E58/><V106/><F106/><W135/><G135/><N who="1" m="51786" /><E31/><V97/><F119/><W91/><G28/><T111/><D111/><U85/><E98/><V51/><F97/><W47/><G96/><T24/><D24/><U95/><AGARI ba="0,0" hai="26,27,37,38,39,57,60,64,85,88,95" m="51786" machi="95" ten="40,3900,0" yaku="20,1,54,1" doraHai="74" who="1" fromWho="1" sc="329,-13,328,39,146,-13,197,-13" /><INIT seed="5,1,0,3,4,120" ten="316,367,133,184" oya="1" hai0="116,34,117,47,97,51,23,112,36,32,49,20,75" hai1="53,16,62,87,10,99,21,46,109,8,19,25,68" hai2="12,111,124,0,98,5,131,43,48,101,129,95,55" hai3="125,122,118,134,103,66,108,56,37,80,27,96,113"/><U39/><E109/><V63/><F124/><W100/><G37/><T93/><D36/><U4/><E68/><V81/><F0/><W130/><G122/><T38/><D38/><U65/><E65/><V102/><F111/><W110/><G125/><T59/><D75/><U42/><E99/><V31/><F31/><W126/><G126/><T13/><D112/><U114/><E114/><V84/><F102/><W94/><G113/><T29/><D59/><U128/><E128/><V92/><F92/><W33/><G130/><T72/><D72/><U82/><E19/><V69/><F69/><W54/><G134/><T30/><D13/><U2/><E10/><N who="2" m="4175" /><F63/><W41/><G118/><T60/><D93/><U115/><E115/><V79/><F55/><W24/><G100/><T52/><D60/><U107/><E107/><V83/><F83/><W1/><G66/><T76/><D97/><U85/><REACH who="1" step="1"/><E82/><REACH who="1" ten="316,357,133,184" step="2"/><V86/><F131/><W71/><G80/><T135/><D116/><U121/><E121/><V133/><F129/><W67/><G67/><T45/><D117/><U106/><E106/><V88/><F133/><W132/><G71/><T28/><D135/><U50/><E50/><V17/><F17/><W90/><G132/><T77/><D30/><U57/><AGARI ba="1,1" hai="2,4,8,16,21,25,39,42,46,53,57,62,85,87" machi="57" ten="30,6000,0" yaku="1,1,0,1,54,1,53,0" doraHai="120" doraHaiUra="74" who="1" fromWho="1" sc="316,-21,357,73,133,-21,184,-21" /><INIT seed="5,2,0,4,0,51" ten="295,430,112,163" oya="1" hai0="81,14,38,82,7,113,123,94,104,20,111,55,45" hai1="80,2,95,6,63,29,66,30,31,84,106,125,115" hai2="99,77,16,9,102,134,120,112,41,73,42,53,23" hai3="114,22,71,49,48,124,33,54,98,69,62,96,135"/><U91/><E106/><V109/><F120/><W105/><G33/><T78/><D111/><U103/><E115/><V108/><F134/><W58/><G135/><T131/><D104/><U65/><E125/><V5/><F112/><W86/><G114/><T128/><D113/><U28/><N who="1" m="7168" /><DORA hai="72" /><U83/><E2/><V12/><F109/><W117/><G124/><T10/><D123/><U11/><E103/><V126/><F126/><W37/><G37/><T97/><D20/><U43/><E43/><V35/><F35/><W79/><G71/><T127/><D127/><U60/><E11/><V15/><F108/><W132/><G105/><T129/><D38/><U57/><REACH who="1" step="1"/><E6/><REACH who="1" ten="295,420,112,163" step="2"/><V39/><F42/><W36/><G132/><T119/><D119/><U46/><E46/><V17/><F41/><W121/><G117/><T44/><D44/><U85/><E85/><V76/><F73/><W3/><G3/><T1/><D1/><U56/><AGARI ba="2,1" hai="56,57,60,63,65,66,80,83,84,91,95" m="7168" machi="56" ten="40,12000,1" yaku="1,1,0,1,9,1,8,1,53,0" doraHai="51,72" doraHaiUra="107,8" who="1" fromWho="1" sc="295,-42,420,136,112,-42,163,-42" /><INIT seed="5,3,0,1,5,94" ten="253,556,70,121" oya="1" hai0="115,49,80,14,19,29,36,131,129,133,58,130,104" hai1="23,33,3,96,101,35,120,90,124,48,114,24,41" hai2="113,72,110,13,77,55,78,44,34,93,102,125,59" hai3="132,109,92,7,25,0,57,40,75,22,65,46,82"/><U64/><E120/><V99/><F110/><W98/><G109/><T66/><D36/><U51/><E114/><V116/><F116/><W88/><G132/><T43/><D133/><U76/><E3/><V108/><F108/><W20/><G0/><T54/><D104/><U11/><E11/><V121/><F121/><W103/><G7/><T100/><D100/><U37/><E90/><V118/><F118/><W87/><G75/><T28/><D115/><U4/><E76/><V112/><F125/><W18/><G22/><T12/><D43/><U5/><E64/><V68/><F68/><W70/><G70/><T128/><D66/><U62/><E62/><N who="2" m="36223" /><F34/><W85/><G85/><T21/><N who="0" m="32768" /><DORA hai="32" /><T86/><REACH who="0" step="1"/><D12/><REACH who="0" ten="243,556,70,121" step="2"/><U122/><E41/><V117/><F113/><W123/><G123/><T95/><D95/><U10/><E101/><V47/><F112/><W31/><G65/><T53/><D53/><U15/><E122/><V17/><F117/><W39/><REACH who="3" step="1"/><G57/><REACH who="3" ten="243,556,70,111" step="2"/><T38/><D38/><U119/><E37/><V69/><F69/><W30/><AGARI ba="3,2" hai="18,20,25,30,31,39,40,46,82,87,88,92,98,103" machi="30" ten="30,12000,2" yaku="1,1,2,1,0,1,52,1,54,1,53,1" doraHai="94,32" doraHaiUra="135,81" who="3" fromWho="3" sc="243,-33,556,-63,70,-33,111,149" /><INIT seed="6,0,0,4,4,82" ten="210,493,37,260" oya="2" hai0="71,33,99,34,131,0,118,65,76,122,66,46,60" hai1="127,135,85,51,93,87,7,58,134,6,103,72,41" hai2="50,28,61,57,78,108,63,26,70,120,112,121,13" hai3="24,130,123,14,40,132,80,8,106,129,75,11,104"/><V16/><F112/><W43/><G123/><T18/><D122/><U38/><E72/><V39/><F39/><W79/><G132/><N who="1" m="50730" /><E127/><V44/><F108/><W74/><G24/><T84/><D131/><N who="3" m="50185" /><G74/><T101/><D0/><U111/><E111/><V5/><F5/><N who="1" m="1545" /><E38/><V37/><F37/><W68/><G68/><T21/><D66/><U53/><E41/><N who="3" m="15946" /><G11/><T36/><D46/><U49/><E49/><V15/><F70/><W117/><G117/><T83/><D36/><U29/><E29/><V54/><F78/><W62/><G62/><T114/><D114/><U31/><E31/><V113/><F113/><W56/><G56/><T69/><D69/><U96/><AGARI ba="0,0" hai="51,53,58,85,87,93,96,103" m="1545,50730" machi="96" ten="30,4000,0" yaku="20,1,52,2" doraHai="82" who="1" fromWho="1" sc="210,-10,493,40,37,-20,260,-10" /><INIT seed="7,0,0,5,4,7" ten="200,533,17,250" oya="3" hai0="46,8,67,14,88,114,129,24,20,102,25,22,19" hai1="109,11,52,10,125,63,28,94,93,118,135,77,50" hai2="62,16,73,123,110,112,17,103,113,131,15,39,4" hai3="122,92,130,86,12,120,99,134,116,132,121,78,95"/><W101/><G116/><T13/><D129/><U26/><E109/><V38/><F73/><W27/><G130/><T119/><D119/><U5/><E125/><V43/><F131/><W30/><G12/><T84/><D114/><U51/><E135/><N who="3" m="51754" /><G27/><T35/><D102/><U85/><E63/><V117/><F103/><W55/><G55/><T45/><D35/><U98/><E118/><V69/><F117/><W64/><G64/><T21/><D67/><U104/><E104/><V37/><F110/><W41/><G41/><T126/><D126/><U108/><E108/><V47/><F123/><W40/><G40/><T124/><D124/><U54/><E85/><V111/><F111/><W115/><G30/><N who="0" m="17671" /><D22/><N who="1" m="15447" /><E77/><V3/><F3/><W133/><G133/><T32/><D32/><U107/><E107/><V71/><F62/><W90/><G78/><T61/><D61/><U1/><E1/><V34/><F34/><W91/><G115/><T23/><D14/><N who="1" m="5455" /><E11/><V33/><F33/><W59/><G59/><T96/><D96/><U79/><E79/><V57/><F113/><W75/><G75/><T68/><D68/><U56/><E98/><V100/><F112/><W65/><G65/><T66/><D66/><U89/><E89/><AGARI ba="0,0" hai="86,89,90,91,92,95,99,101,120,121,122" m="51754" machi="89" ten="40,7700,0" yaku="20,1,34,2" doraHai="7" who="3" fromWho="1" sc="200,0,533,-77,17,0,250,77" /><INIT seed="7,1,0,3,5,74" ten="200,456,17,327" oya="3" hai0="117,58,36,96,94,105,32,42,48,73,99,125,20" hai1="72,114,128,21,78,18,2,45,53,75,46,129,61" hai2="60,25,10,130,62,24,116,13,11,101,51,0,92" hai3="33,70,69,85,31,37,44,133,127,52,79,9,12"/><W121/><G121/><T110/><D32/><U98/><E114/><V7/><F92/><W6/><G127/><T135/><D58/><N who="1" m="35023" /><E2/><V63/><F101/><W29/><G133/><T84/><D48/><U124/><E98/><V26/><F51/><N who="3" m="28775" /><G37/><T50/><D50/><U91/><E91/><V111/><F111/><W108/><G33/><T86/><D20/><U119/><E119/><V76/><F116/><W47/><G70/><T104/><D42/><U100/><E100/><V134/><F134/><W30/><G69/><T107/><D36/><U66/><E66/><V39/><F39/><W93/><G108/><T59/><D59/><U43/><E78/><V88/><F130/><N who="1" m="50281" /><E124/><V35/><F35/><W64/><G64/><T54/><D54/><U122/><E122/><V1/><F76/><W8/><G8/><T56/><D56/><U120/><E120/><V16/><F88/><N who="3" m="53391" /><G79/><T68/><D68/><U5/><E5/><V89/><F89/><W131/><G131/><T115/><D117/><U15/><E46/><AGARI ba="1,0" hai="6,9,12,29,30,31,46,47" m="53391,28775" machi="46" ten="30,5800,0" yaku="8,1,54,2" doraHai="74" who="3" fromWho="1" sc="200,0,456,-61,17,0,327,61" /><INIT seed="7,2,0,3,1,21" ten="200,395,17,388" oya="3" hai0="17,102,113,31,6,120,49,54,53,33,14,13,23" hai1="39,130,125,64,129,101,34,51,107,85,50,133,106" hai2="55,123,68,28,124,94,15,81,80,41,109,89,19" hai3="3,96,22,5,25,43,108,0,100,122,47,24,57"/><W74/><G122/><T83/><D120/><U79/><E39/><V38/><F123/><W44/><G74/><T92/><D113/><U135/><E34/><V35/><F35/><W73/><G73/><T91/><D102/><U37/><E37/><V121/><F121/><W86/><G3/><T115/><D115/><U99/><E125/><V128/><F124/><W111/><G86/><T36/><D36/><U7/><E107/><V60/><F128/><N who="1" m="49257" /><E7/><V66/><F109/><N who="3" m="42059" /><G57/><T48/><D83/><N who="1" m="47359" /><E64/><V117/><F117/><W76/><G76/><T69/><D69/><U18/><E18/><V11/><F28/><N who="3" m="17431" /><G25/><T20/><D33/><U119/><E119/><V46/><F55/><W1/><G5/><T40/><D40/><U27/><E27/><V65/><F65/><W87/><G87/><T84/><D31/><U52/><E50/><V112/><F112/><W127/><G127/><T32/><D32/><U71/><E71/><V126/><F126/><W58/><G58/><AGARI ba="2,0" hai="51,52,58,99,101,106,133,135" m="47359,49257" machi="58" ten="30,2000,0" yaku="19,1,54,1" doraHai="21" who="1" fromWho="3" sc="200,0,395,26,17,0,388,-26" owari="200,-20.0,421,52.0,17,-48.0,362,16.0" /></mjloggm>