<mjloggm ver="2.3"><GO type="169" lobby="0"/><UN n0="%4D%75%64%46%6C%6F%77" n1="%43%E3%82%A8%E3%83%BC%E3%82%B8%E3%82%A7%E3%83%B3%E3%83%88" n2="%E5%9B%BD%E7%8E%8B" n3="%E5%AE%8C%E5%85%A8%E5%AE%89%E7%89%8C" dan="17,16,17,17" rate="2238.24,2078.17,2204.21,2155.26" sx="M,M,M,M"/><TAIKYOKU oya="0"/><INIT seed="0,0,0,4,4,47" ten="250,250,250,250" oya="0" hai0="58,68,17,57,115,134,60,111,52,85,83,93,44" hai1="103,1,129,125,105,28,65,34,53,73,11,30,120" hai2="66,56,116,27,23,98,131,69,12,90,36,100,42" hai3="84,74,133,80,132,21,113,92,72,130,64,128,102"/><T121/><D115/><U25/><E120/><V10/><F131/><N who="3" m="50219" /><G21/><T3/><D121/><U109/><E129/><V96/><F69/><W63/><G63/><T26/><D134/><N who="3" m="51817" /><G64/><T16/><D68/><U87/><E73/><N who="3" m="28266" /><G113/><T35/><D3/><U78/><E53/><V119/><F23/><W31/><G31/><T40/><D111/><U67/><E28/><V97/><F66/><W77/><G92/><T19/><D93/><U82/><E109/><V20/><F20/><W33/><G33/><T81/><D35/><U38/><E65/><V89/><F27/><W43/><G43/><T13/><D26/><U18/><E67/><V14/><F42/><W123/><G123/><T15/><D58/><U75/><E25/><V59/><F10/><W76/><G102/><T122/><D122/><U32/><E103/><V39/><F100/><W114/><G114/><T5/><D5/><U51/><E30/><V54/><F54/><W88/><AGARI ba="0,0" hai="76,77,80,84,88" m="28266,51817,50219" machi="88" ten="40,8000,1" yaku="19,1,20,1,34,2,54,1" doraHai="47" who="3" fromWho="3" sc="250,-40,250,-20,250,-20,250,80" /><INIT seed="1,0,0,3,4,129" ten="210,230,230,330" oya="1" hai0="112,22,79,119,100,33,68,76,130,99,120,3,7" hai1="84,73,69,44,52,128,92,124,25,47,0,64,20" hai2="40,90,117,82,85,126,113,111,67,77,27,12,29" hai3="118,125,56,1,70,51,28,122,131,72,87,18,74"/><U108/><E128/><V96/><F111/><W45/><G70/><T36/><D33/><U107/><E107/><V35/><F126/><W6/><G122/><T59/><D68/><U116/><E116/><V81/><F117/><W93/><G28/><T37/><D112/><U123/><E123/><V109/><F109/><W127/><G56/><T62/><D120/><U53/><E0/><V60/><F40/><W49/><G49/><T43/><D130/><U5/><E5/><V10/><F96/><W75/><G18/><T19/><D119/><U86/><E73/><V83/><F77/><W95/><G131/><T103/><D103/><U30/><E124/><N who="3" m="47690" /><G87/><T14/><D7/><U4/><E4/><V26/><F26/><W13/><G13/><T88/><D3/><U61/><E108/><V134/><F113/><W133/><G118/><T15/><D15/><U132/><E84/><V58/><F134/><W121/><G133/><T38/><D43/><U48/><E132/><V66/><F66/><W63/><G121/><T102/><D102/><U114/><E114/><V98/><F98/><W46/><G72/><T57/><D59/><U135/><E135/><V9/><F9/><W11/><G74/><T78/><D100/><U32/><E32/><V21/><REACH who="2" step="1"/><F35/><REACH who="2" ten="210,230,220,330" step="2"/><W71/><G11/><T16/><D76/><U31/><E64/><V2/><F2/><W97/><G1/><T89/><D78/><U80/><E25/><V23/><F23/><W50/><G97/><T54/><D99/><U101/><E20/><V34/><F34/><W110/><G110/><T91/><D79/><RYUUKYOKU ba="0,1" sc="210,15,230,-15,220,15,330,-15" hai0="14,16,19,22,36,37,38,54,57,62,88,89,91" hai2="10,12,21,27,29,58,60,67,81,82,83,85,90" /><INIT seed="2,1,1,0,1,10" ten="225,215,235,315" oya="2" hai0="96,118,7,67,57,89,35,98,28,80,112,37,54" hai1="123,109,128,60,131,87,40,33,15,34,76,111,81" hai2="61,107,117,114,92,130,48,122,72,51,56,82,36" hai3="3,85,41,69,65,11,86,9,95,24,62,43,45"/><V19/><F107/><W106/><G106/><T20/><D37/><U22/><E40/><V77/><F114/><W58/><G3/><T116/><D35/><N who="1" m="13323" /><E60/><V68/><F122/><W125/><G125/><T120/><D120/><U64/><E64/><V134/><F36/><W25/><G69/><T53/><D7/><U100/><E100/><V71/><F117/><N who="0" m="45162" /><D112/><U27/><E123/><V119/><F119/><W127/><G127/><T4/><D4/><U55/><E55/><N who="0" m="21001" /><D80/><U79/><E79/><V73/><F82/><W31/><G43/><T75/><D75/><U26/><E27/><V44/><F77/><W103/><G25/><N who="0" m="16423" /><D89/><U18/><E26/><V135/><F73/><W113/><G24/><T17/><D17/><U50/><E50/><V39/><F19/><W29/><G113/><T49/><D49/><U66/><E66/><V21/><F72/><W13/><G41/><T115/><D115/><U88/><E76/><V47/><F39/><W129/><G65/><T99/><D67/><U14/><E15/><V124/><F124/><W8/><G13/><T42/><D42/><U59/><E59/><AGARI ba="1,1" hai="57,59,96,98,99" m="16423,21001,45162" machi="59" ten="40,1300,0" yaku="12,1" doraHai="10" who="0" fromWho="1" sc="225,26,215,-16,235,0,315,0" /><INIT seed="3,0,0,1,4,1" ten="251,199,235,315" oya="3" hai0="53,15,0,91,11,32,39,54,28,59,4,93,43" hai1="69,3,68,118,107,108,21,22,37,110,97,125,131" hai2="122,82,88,127,45,135,23,50,60,112,29,100,71" hai3="84,128,117,134,114,85,27,42,133,109,124,105,126"/><W56/><G42/><T113/><D113/><U17/><E131/><V103/><F135/><N who="3" m="51723" /><G56/><T41/><D54/><U6/><E125/><N who="3" m="48234" /><G27/><T106/><D106/><U49/><E118/><V94/><F122/><W12/><G12/><T130/><D130/><U20/><E49/><V80/><F112/><W78/><G114/><T25/><D39/><U16/><E37/><V51/><F71/><W76/><G128/><T58/><D58/><U5/><E3/><V8/><F60/><W40/><G40/><T38/><D38/><U7/><E97/><V99/><F8/><W18/><G18/><N who="1" m="7274" /><E107/><V72/><F51/><W64/><G64/><T13/><D41/><U98/><E98/><V86/><F127/><W102/><G117/><T10/><D43/><U74/><E74/><V57/><F72/><W63/><G63/><T48/><D11/><U87/><E87/><AGARI ba="0,0" hai="0,4,10,13,15,25,28,32,48,53,59,87,91,93" machi="87" ten="30,2000,0" yaku="7,1,52,1" doraHai="1" who="0" fromWho="1" sc="251,20,199,-20,235,0,315,0" /><INIT seed="4,0,0,0,1,28" ten="271,179,235,315" oya="0" hai0="73,96,133,7,76,99,52,81,61,70,67,105,75" hai1="106,55,102,79,126,128,59,3,35,20,6,84,63" hai2="31,80,8,15,51,65,74,4,14,27,121,90,131" hai3="32,56,125,85,112,60,94,45,114,5,116,34,108"/><T92/><D133/><U78/><E128/><V46/><F121/><W71/><G108/><T113/><D113/><N who="3" m="43625" /><G116/><T2/><D75/><U26/><E126/><V110/><F110/><W21/><G125/><T119/><D119/><U68/><E68/><V53/><F131/><W115/><G71/><T37/><D37/><U103/><E6/><V97/><F65/><W12/><G45/><T39/><D105/><U134/><E3/><V64/><F64/><N who="3" m="38919" /><G115/><T25/><D39/><U66/><E66/><V82/><F15/><W111/><G111/><T42/><D42/><U120/><E120/><V77/><F97/><W69/><G69/><T49/><D25/><U29/><E106/><V89/><REACH who="2" step="1"/><F82/><REACH who="2" ten="271,179,225,315" step="2"/><W83/><G94/><T33/><D92/><U0/><E0/><V17/><F17/><N who="3" m="10407" /><G5/><T57/><D7/><U19/><E19/><V95/><F95/><W58/><G58/><T132/><D2/><U13/><E59/><V9/><F9/><W135/><G135/><T129/><D132/><U38/><E13/><V88/><F88/><AGARI ba="0,1" hai="32,34,83,85,88" m="10407,38919,43625" machi="88" ten="30,7700,0" yaku="15,1,52,2,54,1" doraHai="28" who="3" fromWho="2" sc="271,0,179,0,225,-77,315,87" /><INIT seed="5,0,0,2,1,55" ten="271,179,148,402" oya="1" hai0="23,76,33,74,39,106,121,53,113,131,127,71,70" hai1="101,132,72,2,20,35,12,93,128,83,26,104,32" hai2="130,114,42,24,0,13,75,9,81,98,133,10,19" hai3="79,97,123,82,115,91,60,89,126,124,63,57,38"/><U88/><E128/><V27/><F130/><W84/><G123/><T16/><RYUUKYOKU type="yao9" ba="0,0" sc="271,0,179,0,148,0,402,0" hai0="16,23,33,39,53,70,71,74,76,106,113,121,127,131" /><INIT seed="5,1,0,2,3,84" ten="271,179,148,402" oya="1" hai0="22,44,91,2,88,53,20,113,130,37,70,35,129" hai1="122,33,24,120,82,55,52,109,58,60,59,127,107" hai2="75,78,54,66,133,102,28,115,135,67,51,26,131" hai3="87,0,34,1,77,62,45,134,97,36,49,23,95"/><U18/><E107/><V101/><F131/><N who="0" m="50186" /><D35/><U38/><E127/><V17/><F17/><W79/><G34/><T94/><D2/><U41/><E109/><V11/><F11/><W93/><G36/><T104/><D104/><U71/><E71/><V39/><F39/><W50/><G62/><T7/><D113/><U86/><E41/><V68/><F115/><W108/><G87/><T27/><D7/><U119/><E38/><V63/><F67/><W99/><G23/><N who="0" m="8747" /><D27/><U121/><E119/><V85/><F75/><W81/><G45/><T56/><D94/><U61/><E18/><V74/><F74/><W114/><G114/><T9/><D9/><U111/><E111/><V106/><F26/><W100/><G100/><T21/><D21/><U89/><REACH who="1" step="1"/><E122/><REACH who="1" ten="271,169,148,402" step="2"/><V128/><F128/><W65/><G108/><T125/><D70/><U90/><E90/><V110/><F110/><W80/><G77/><T96/><D125/><U10/><E10/><V72/><F106/><W112/><G79/><T42/><D96/><U116/><E116/><V43/><F43/><W83/><G99/><T132/><D132/><N who="2" m="50762" /><F28/><AGARI ba="1,1" hai="24,28,33,52,55,58,59,60,61,82,86,89,120,121" machi="28" ten="40,12000,1" yaku="1,1,9,1,52,1,54,1,53,1" doraHai="84" doraHaiUra="31" who="1" fromWho="2" sc="271,0,169,133,148,-123,402,0" /><INIT seed="5,2,0,4,4,80" ten="271,302,25,402" oya="1" hai0="64,36,57,93,107,49,104,17,9,4,40,29,128" hai1="11,116,130,38,131,84,90,129,91,16,18,71,101" hai2="122,88,82,125,126,45,75,110,8,124,115,113,102" hai3="99,19,100,111,67,119,103,114,121,37,120,46,2"/><U123/><E116/><V7/><F45/><W28/><G111/><T48/><D128/><U61/><E123/><V65/><F65/><W3/><G100/><T24/><D36/><U68/><E38/><V87/><F110/><W96/><G99/><T0/><D104/><U54/><E101/><V10/><F122/><W112/><G119/><T25/><D107/><U51/><E91/><V78/><F102/><W35/><G67/><T86/><D40/><U133/><E133/><V62/><F62/><W127/><G127/><T39/><D39/><U6/><E61/><V106/><F106/><N who="3" m="63847" /><G19/><T132/><D132/><U95/><E68/><V70/><F70/><W41/><G120/><T31/><D64/><U74/><E74/><V69/><F69/><W135/><G135/><T94/><D57/><U79/><E79/><V56/><F56/><W98/><G98/><T33/><D17/><U97/><E97/><V55/><F55/><W44/><G44/><T83/><D49/><U1/><E71/><V85/><F75/><W89/><G89/><T117/><D48/><U72/><E72/><V22/><F22/><W58/><G58/><AGARI ba="2,0" hai="1,6,11,16,18,51,54,58,84,90,95,129,130,131" machi="58" ten="40,7700,0" yaku="19,1,52,1,54,1" doraHai="80" who="1" fromWho="3" sc="271,0,302,83,25,0,402,-83" /><INIT seed="5,3,0,3,4,74" ten="271,385,25,319" oya="1" hai0="96,26,62,64,68,66,134,25,72,7,84,133,109" hai1="31,16,88,110,35,104,82,90,102,119,115,32,55" hai2="131,4,51,61,27,129,50,71,132,65,78,95,14" hai3="81,46,85,44,6,36,9,34,91,126,33,5,128"/><U54/><E115/><V48/><F132/><N who="0" m="50794" /><D72/><U76/><E110/><V0/><F0/><W18/><G126/><T127/><D109/><U28/><E119/><V17/><F95/><W125/><G125/><T103/><D66/><U63/><E102/><V107/><F107/><W123/><G123/><T20/><D127/><U79/><E104/><V53/><F4/><W97/><G128/><N who="2" m="49225" /><F27/><W70/><G70/><T89/><D7/><U60/><E82/><V77/><F53/><W114/><G114/><T111/><D111/><U120/><E16/><V12/><F12/><W41/><G6/><T3/><D3/><U39/><E39/><V42/><F42/><W92/><G44/><T101/><D96/><U99/><E99/><V69/><F69/><W8/><G18/><N who="0" m="12439" /><D26/><U118/><E118/><V73/><F73/><W30/><G30/><T21/><D21/><AGARI ba="3,0" hai="14,17,21,48,50,51,61,65,71,77,78" m="49225" machi="21" ten="30,3900,0" yaku="19,1,52,2" doraHai="74" who="2" fromWho="0" sc="271,-48,385,0,25,48,319,0" /><INIT seed="6,0,0,1,2,40" ten="223,385,73,319" oya="2" hai0="131,81,101,2,82,50,88,0,86,104,53,85,1" hai1="8,94,66,61,117,115,9,69,41,47,35,28,6" hai2="46,73,89,24,62,90,18,19,77,64,118,110,103" hai3="114,55,132,49,29,125,98,13,17,113,102,63,30"/><V16/><F118/><W116/><G116/><T100/><D131/><U20/><E115/><N who="3" m="44042" /><G63/><T111/><D111/><U75/><E75/><V56/><F110/><W127/><G132/><T48/><D104/><U87/><E35/><V108/><F108/><W128/><G128/><T124/><D124/><N who="3" m="47689" /><G13/><T95/><D50/><U123/><E123/><V107/><F24/><W37/><G17/><T109/><D109/><U112/><E117/><V12/><F12/><W7/><G7/><T105/><D105/><U3/><E8/><V21/><F21/><W5/><G5/><T70/><D70/><U33/><E20/><V106/><F46/><N who="3" m="28087" /><G37/><T36/><D36/><U79/><E28/><V74/><F107/><AGARI ba="0,0" hai="29,30,98,102,107" m="28087,47689,44042" machi="107" ten="30,7700,0" yaku="15,1,11,1,18,1,52,1" doraHai="40" who="3" fromWho="2" sc="223,0,385,0,73,-77,319,77" owari="223,-18.0,385,19.0,-4,-50.0,396,49.0" /></mjloggm>