<mjloggm ver="2.3"><GO type="169" lobby="0"/><UN n0="%E9%88%B4%E6%9C%A8%E3%81%A0%E3%82%8D%E3%81%86" n1="%E3%82%B9%E3%83%88%E3%83%A9%EF%BC%81" n2="%45%72%77%69%6E%52%64" n3="%E3%83%AC%E3%82%AA%E3%83%B3%E3%83%8F%E3%83%AB%E3%83%88" dan="16,16,16,16" rate="2069.50,2121.15,2141.27,2107.73" sx="F,M,M,M"/><TAIKYOKU oya="0"/><INIT seed="0,0,0,0,2,10" ten="250,250,250,250" oya="0" hai0="118,126,76,20,50,88,132,26,80,131,21,100,44" hai1="35,110,34,124,57,105,66,123,78,24,102,106,87" hai2="92,72,116,13,22,11,32,94,83,49,135,17,95" hai3="0,64,60,53,51,33,127,65,71,98,69,4,30"/><T40/><D118/><U82/><E123/><V37/><F37/><W62/><G127/><T134/><D100/><U115/><E124/><V41/><F32/><W114/><G114/><T1/><D1/><U46/><E115/><V54/><F116/><W90/><G0/><T121/><D121/><U117/><E117/><V59/><F135/><N who="0" m="51754" /><D126/><U52/><E66/><V107/><F107/><W89/><G4/><T122/><D131/><U112/><E110/><V81/><F72/><W63/><G63/><T15/><D122/><U108/><E108/><V5/><REACH who="2" step="1"/><F41/><REACH who="2" ten="250,250,240,250" step="2"/><W31/><G33/><T18/><D76/><U55/><E105/><V47/><F47/><W58/><REACH who="3" step="1"/><G98/><REACH who="3" ten="250,250,240,240" step="2"/><T36/><D36/><U56/><E34/><V101/><F101/><W74/><G74/><T85/><D26/><AGARI ba="0,2" hai="5,11,13,17,22,26,49,54,59,81,83,92,94,95" machi="26" ten="40,8000,1" yaku="1,1,8,1,52,1,53,2" doraHai="10" doraHaiUra="79" who="2" fromWho="0" sc="250,-80,250,0,240,100,240,0" /><INIT seed="1,0,0,5,1,14" ten="170,250,340,240" oya="1" hai0="120,51,23,98,71,73,31,109,35,108,49,57,1" hai1="91,125,37,43,93,83,15,80,112,44,111,30,18" hai2="94,124,113,107,63,21,102,26,12,56,100,118,74" hai3="90,96,64,17,47,76,20,7,103,82,10,95,85"/><U2/><E112/><V11/><F118/><W122/><G122/><T42/><D120/><U66/><E125/><V135/><F124/><W6/><G64/><T69/><D73/><U99/><E2/><V87/><F74/><W4/><G47/><T28/><D35/><U39/><E30/><V3/><F3/><W97/><G10/><T68/><D1/><U123/><E123/><V25/><F135/><W58/><G58/><T70/><N who="0" m="17408" /><DORA hai="79" /><T72/><D72/><U88/><E66/><V32/><F32/><W106/><REACH who="3" step="1"/><G4/><REACH who="3" ten="170,250,340,230" step="2"/><T129/><D129/><U8/><E39/><V105/><F56/><W36/><G36/><T60/><D42/><U5/><E111/><V19/><F11/><W55/><G55/><T104/><D108/><U75/><E5/><V46/><F46/><W52/><G52/><T126/><D109/><U81/><REACH who="1" step="1"/><E75/><REACH who="1" ten="170,240,340,230" step="2"/><V9/><F113/><W40/><G40/><T34/><D126/><U119/><E119/><V0/><F0/><W54/><G54/><T61/><D34/><U38/><E38/><V16/><F107/><W115/><G115/><T45/><D104/><U114/><E114/><V101/><F105/><W41/><G41/><T24/><D45/><U121/><E121/><V78/><F63/><W133/><G133/><T13/><D60/><U132/><E132/><V48/><F48/><W134/><G134/><T65/><D51/><U128/><E128/><V92/><F26/><AGARI ba="0,2" hai="6,7,17,20,26,76,82,85,90,95,96,97,103,106" machi="26" ten="30,7700,0" yaku="1,1,7,1,52,2,53,0" doraHai="14,79" doraHaiUra="127,33" who="3" fromWho="2" sc="170,0,240,0,340,-77,230,97" /><INIT seed="2,0,0,2,0,45" ten="170,240,263,327" oya="2" hai0="59,96,39,54,105,17,132,23,43,100,121,125,1" hai1="25,80,65,98,57,0,77,4,104,31,51,82,95" hai2="103,112,50,67,52,44,83,127,34,133,72,22,109" hai3="48,10,33,84,124,21,24,66,99,101,7,63,87"/><V46/><F112/><W102/><G124/><T126/><D121/><U37/><E37/><V92/><F34/><W30/><G33/><T47/><D1/><U119/><E119/><V123/><F123/><W2/><G102/><T134/><D125/><U20/><E104/><V55/><F127/><W117/><G117/><T32/><D32/><U89/><E0/><V19/><F133/><W116/><G48/><T130/><D130/><U113/><E113/><V40/><F67/><W28/><G28/><T49/><REACH who="0" step="1"/><D126/><REACH who="0" ten="160,240,263,327" step="2"/><U106/><E106/><V118/><F118/><W11/><G116/><T108/><D108/><U94/><E4/><V97/><F109/><W60/><G7/><T38/><D38/><U90/><E77/><V111/><F111/><W68/><G2/><T27/><AGARI ba="0,1" hai="17,23,27,39,43,47,49,54,59,96,100,105,132,134" machi="27" ten="30,4000,0" yaku="1,1,0,1,52,1,53,0" doraHai="45" doraHaiUra="26" who="0" fromWho="0" sc="160,50,240,-10,263,-20,327,-10" /><INIT seed="3,0,0,2,0,52" ten="210,230,243,317" oya="3" hai0="128,23,124,120,63,10,127,108,16,65,70,75,132" hai1="9,0,43,34,91,130,95,41,37,101,89,112,102" hai2="79,105,42,56,99,27,18,35,12,51,82,133,39" hai3="58,5,86,7,36,73,94,131,98,17,1,76,66"/><W111/><G36/><T68/><D120/><U84/><E112/><V24/><F133/><W54/><G73/><T49/><D75/><U59/><E34/><V40/><F39/><W77/><G131/><T32/><D32/><U26/><E130/><V69/><F69/><W22/><G66/><T38/><D38/><U97/><E26/><V20/><F105/><W21/><G21/><T110/><D10/><U113/><E113/><V88/><F35/><W109/><G1/><T103/><D103/><U100/><E37/><V46/><F40/><W13/><G5/><T78/><D78/><U45/><E45/><V61/><F79/><W2/><G7/><T87/><D87/><U106/><E106/><V121/><F121/><W29/><G29/><T57/><D63/><U92/><E0/><V48/><F48/><N who="3" m="31047" /><G2/><T30/><D30/><U55/><REACH who="1" step="1"/><E9/><REACH who="1" ten="210,220,243,317" step="2"/><V50/><F24/><W134/><G134/><T28/><D128/><U14/><E14/><V123/><F27/><W90/><G98/><T67/><D132/><U60/><AGARI ba="0,1" hai="41,43,55,59,60,84,89,91,92,95,97,100,101,102" machi="60" ten="30,7900,0" yaku="1,1,0,1,8,1,52,1,53,0" doraHai="52" doraHaiUra="116" who="1" fromWho="1" sc="210,-20,220,89,243,-20,317,-39" /><INIT seed="4,0,0,1,0,109" ten="190,309,223,278" oya="0" hai0="0,63,60,115,41,108,85,111,15,29,4,135,40" hai1="116,9,77,106,64,57,94,5,110,59,44,124,55" hai2="90,73,91,3,65,13,34,11,21,43,53,37,31" hai3="130,8,129,16,107,70,1,96,126,76,95,50,2"/><T75/><D75/><U7/><E106/><V33/><F73/><W32/><G32/><T113/><D0/><U17/><E110/><N who="0" m="42025" /><D29/><U39/><E116/><V74/><F65/><W36/><G76/><T42/><D85/><U122/><E77/><V78/><F53/><W133/><G1/><T49/><D135/><U68/><E17/><V88/><F3/><W19/><G2/><T71/><D15/><U28/><E122/><V81/><F43/><N who="0" m="16458" /><D4/><U97/><E28/><V117/><F37/><W25/><G36/><T24/><D24/><U127/><E39/><V105/><F105/><W38/><G19/><T66/><D63/><N who="1" m="39967" /><E94/><V30/><F117/><W102/><G95/><T98/><D98/><U134/><E97/><V103/><F103/><W93/><G93/><T56/><D56/><U119/><E119/><V99/><F99/><W125/><G133/><T101/><D101/><U12/><E134/><V80/><F80/><W128/><G38/><T132/><D132/><U100/><E5/><V58/><F58/><W118/><G118/><T120/><D120/><U27/><E27/><V61/><F31/><W92/><G107/><T87/><D87/><U10/><E10/><V89/><F61/><W69/><G8/><T82/><D82/><U54/><E100/><V45/><F30/><W104/><G104/><T112/><N who="0" m="16466" /><T79/><DORA hai="52" /><D49/><N who="1" m="28967" /><E57/><V26/><F74/><W18/><G50/><T114/><N who="0" m="28672" /><DORA hai="121" /><T84/><D84/><U46/><E59/><V47/><F81/><W67/><G102/><T23/><D79/><U131/><E7/><V48/><F78/><RYUUKYOKU ba="0,0" sc="190,30,309,-10,223,-10,278,-10" hai0="23,60,66,71" /><INIT seed="4,1,0,5,3,39" ten="220,299,213,268" oya="0" hai0="21,107,79,127,124,23,47,63,74,12,68,132,95" hai1="117,56,92,84,76,1,52,24,30,54,135,133,100" hai2="94,15,40,93,37,5,17,35,112,99,88,121,29" hai3="77,51,109,123,129,128,130,38,83,134,65,64,122"/><T27/><D107/><U61/><E117/><V48/><F121/><N who="3" m="46091" /><G38/><T7/><D132/><N who="1" m="50763" /><E1/><V87/><F37/><W11/><G134/><T67/><D95/><U19/><E19/><V98/><F112/><W36/><G36/><T103/><D103/><U90/><E76/><V60/><F5/><W6/><G51/><T110/><D110/><U9/><E9/><V22/><F60/><W104/><G104/><T33/><D79/><U45/><E45/><V43/><F48/><W4/><G109/><T32/><D74/><U102/><E54/><V70/><F70/><W105/><G105/><T14/><D47/><U42/><E42/><V8/><F35/><AGARI ba="1,0" hai="24,30,35,52,56,61,84,90,92,100,102" m="50763" machi="35" ten="30,2000,0" yaku="20,1,54,1" doraHai="39" who="1" fromWho="2" sc="220,0,299,23,213,-23,268,0" /><INIT seed="5,0,0,0,2,30" ten="220,322,190,268" oya="1" hai0="68,57,135,66,96,14,9,38,52,131,134,29,128" hai1="53,104,124,39,76,118,120,22,1,123,74,32,94" hai2="28,45,25,115,4,121,83,60,116,23,47,87,80" hai3="37,51,75,58,86,36,55,114,84,95,11,54,49"/><U103/><E1/><V63/><F116/><W13/><G75/><T99/><D38/><U105/><E53/><V26/><F121/><N who="1" m="46665" /><E22/><V101/><F115/><W73/><G73/><T67/><D29/><U3/><E118/><V127/><F127/><W16/><G114/><T43/><D43/><U113/><E113/><V78/><F101/><W44/><REACH who="3" step="1"/><G95/><REACH who="3" ten="220,322,190,258" step="2"/><T61/><D134/><U42/><E94/><V102/><F102/><W10/><G10/><T88/><D135/><U92/><E92/><V125/><F125/><W21/><G21/><T0/><D99/><U98/><E104/><V129/><F129/><N who="0" m="49738" /><D0/><U31/><E3/><V82/><F78/><W41/><G41/><T15/><D9/><U2/><E2/><V69/><F87/><AGARI ba="0,1" hai="11,13,16,36,37,44,49,51,54,55,58,84,86,87" machi="87" ten="40,2600,0" yaku="1,1,54,1,53,0" doraHai="30" doraHaiUra="117" who="3" fromWho="2" sc="220,0,322,0,190,-26,258,36" /><INIT seed="6,0,0,4,1,63" ten="220,322,164,294" oya="2" hai0="43,123,48,1,120,92,96,81,75,71,11,12,108" hai1="8,73,95,110,105,89,44,37,111,77,22,2,59" hai2="4,33,127,18,129,26,23,106,36,41,21,68,113" hai3="69,135,79,83,65,20,80,134,5,17,124,104,50"/><V25/><F106/><W39/><G39/><T62/><D108/><U133/><E105/><V6/><F68/><W91/><G104/><T31/><D1/><U60/><E133/><V131/><F41/><W10/><G124/><T38/><D38/><U74/><E22/><V15/><F36/><W51/><G91/><T45/><D31/><U24/><E24/><V54/><F54/><W66/><G50/><T40/><D40/><N who="1" m="22543" /><E74/><V107/><F107/><W53/><G69/><T100/><D81/><N who="1" m="45231" /><E89/><V119/><F119/><W78/><G80/><T94/><D94/><U112/><E95/><V121/><F121/><W52/><G53/><T29/><D29/><U16/><E16/><N who="2" m="10399" /><F127/><W98/><G135/><T88/><D100/><U7/><E112/><V55/><F55/><AGARI ba="0,0" hai="2,7,8,55,59,60,110,111" m="45231,22543" machi="55" ten="30,1000,0" yaku="25,1" doraHai="63" who="1" fromWho="2" sc="220,0,322,10,164,-10,294,0" /><INIT seed="7,0,0,4,0,15" ten="220,332,154,294" oya="3" hai0="135,75,35,122,32,72,131,109,41,105,5,123,84" hai1="25,130,74,132,118,102,54,91,78,13,48,76,120" hai2="111,6,62,67,126,33,9,80,127,51,14,52,110" hai3="58,124,36,95,97,99,29,63,113,49,82,23,115"/><W73/><G36/><T116/><D5/><U112/><E102/><V65/><F33/><W96/><G124/><T37/><D84/><U134/><E120/><V31/><F31/><W34/><G34/><T77/><D77/><U79/><E112/><V92/><F80/><W61/><G73/><T40/><D37/><U16/><E130/><V70/><F65/><W85/><G49/><T45/><D45/><N who="1" m="27919" /><E74/><V7/><F7/><W103/><G63/><T44/><D44/><U53/><E25/><V100/><F100/><W88/><G115/><T10/><D10/><N who="1" m="6199" /><E91/><V128/><F128/><W28/><G28/><T27/><D131/><U55/><E118/><V50/><F50/><W56/><G56/><T104/><D27/><U3/><E3/><V42/><F42/><W68/><G68/><T18/><D116/><U133/><AGARI ba="0,0" hai="53,55,76,78,79,132,133,134" m="6199,27919" machi="133" ten="40,5200,0" yaku="20,1,52,1,54,1" doraHai="15" who="1" fromWho="1" sc="220,-13,332,52,154,-13,294,-26" owari="207,-19.0,384,48.0,141,-36.0,268,7.0" /></mjloggm>