<mjloggm ver="2.3"><GO type="169" lobby="0"/><UN n0="%4D%75%64%46%6C%6F%77" n1="%E3%82%AB%E3%82%BF%E3%83%84%E3%83%A0%E3%83%AA" n2="%E3%83%9E%E3%83%AA%E3%83%83%E3%82%B5%E3%82%AF%E3%83%BC%E3%83%91%E3%83%BC" n3="%E3%81%AA%E3%81%AA%E3%81%BF%EF%BC%A0%E5%8F%B2%E7%9A%AE%E8%BB%8D%E5%9B%A3" dan="17,16,16,17" rate="2239.11,2045.04,2134.43,2195.00" sx="M,M,M,F"/><TAIKYOKU oya="0"/><INIT seed="0,0,0,5,4,22" ten="250,250,250,250" oya="0" hai0="132,79,7,60,49,134,107,91,45,83,65,75,52" hai1="11,24,84,129,80,16,127,17,92,103,128,82,23" hai2="28,21,6,74,71,131,35,113,100,133,88,126,96" hai3="104,30,70,41,89,76,106,10,61,77,46,114,112"/><T4/><D107/><U1/><E127/><V73/><F113/><W34/><G89/><T85/><D132/><U58/><E58/><V90/><F126/><W120/><G120/><T20/><D134/><U119/><E119/><V93/><F35/><W130/><G130/><N who="1" m="50282" /><E1/><V105/><F90/><W78/><G10/><T110/><D110/><U51/><E51/><V111/><F111/><W26/><G70/><T39/><D39/><U101/><E92/><V122/><F122/><W40/><G61/><T68/><REACH who="0" step="1"/><D20/><REACH who="0" ten="240,250,250,250" step="2"/><N who="1" m="13319" /><E11/><V124/><F133/><W81/><G104/><T135/><D135/><U32/><E32/><V118/><F124/><W48/><G106/><T13/><D13/><N who="1" m="9647" /><E80/><AGARI ba="0,1" hai="4,7,45,49,52,60,65,68,75,79,80,83,85,91" machi="80" ten="30,5800,0" yaku="1,1,7,1,54,1,53,0" doraHai="22" doraHaiUra="31" who="0" fromWho="1" sc="240,68,250,-58,250,0,250,0" /><INIT seed="0,1,0,4,2,106" ten="308,192,250,250" oya="0" hai0="52,127,116,103,42,124,132,51,83,81,13,11,1" hai1="86,104,123,133,62,96,131,45,21,15,113,26,12" hai2="129,22,47,14,19,35,28,87,63,53,100,32,82" hai3="0,71,72,97,18,9,43,67,44,84,105,126,23"/><T31/><D116/><U60/><E123/><V61/><F129/><W68/><G126/><N who="0" m="48171" /><D132/><U34/><E131/><V125/><F125/><W80/><G67/><T54/><D31/><U118/><E118/><V122/><F122/><W36/><G84/><T41/><D103/><U108/><E108/><V3/><F100/><N who="3" m="62607" /><G23/><T91/><D1/><U49/><E133/><V79/><F3/><W77/><G18/><N who="0" m="8511" /><D54/><U25/><E113/><V112/><F112/><W57/><G57/><N who="0" m="32927" /><D91/><U94/><E104/><V58/><F28/><W107/><G107/><T59/><D59/><U90/><E34/><V135/><F135/><W111/><G111/><T6/><D6/><AGARI ba="1,0" hai="0,6,9,36,43,44,68,71,72,77,80" m="62607" machi="6" ten="30,7700,0" yaku="25,1,33,2,52,1" doraHai="106" who="3" fromWho="0" sc="308,-80,192,0,250,0,250,80" /><INIT seed="1,0,0,1,5,34" ten="228,192,250,330" oya="1" hai0="107,56,7,65,48,84,109,115,127,13,33,92,12" hai1="83,47,5,57,66,32,25,130,123,77,70,1,78" hai2="28,81,30,43,19,18,14,124,75,10,82,73,54" hai3="118,122,51,103,98,40,69,58,108,60,74,117,102"/><U55/><E123/><V63/><F124/><W131/><G122/><T79/><D33/><U0/><E78/><V87/><F43/><W121/><G121/><T37/><D37/><U16/><E5/><V27/><F63/><W23/><G74/><T15/><D107/><U26/><E130/><V113/><F54/><W99/><G69/><T71/><D115/><U114/><E114/><V100/><F113/><W126/><G126/><T22/><D71/><U59/><E70/><V125/><F125/><W31/><G108/><T44/><D109/><U3/><E32/><V119/><F100/><W105/><G51/><T67/><D127/><U132/><E132/><V8/><F14/><W129/><G40/><T38/><D38/><U110/><E110/><V95/><F95/><N who="3" m="58719" /><G23/><T64/><D56/><U133/><E133/><V112/><F112/><W88/><G31/><T85/><D22/><U94/><E94/><V116/><F87/><N who="0" m="33354" /><D92/><U53/><E66/><V2/><REACH who="2" step="1"/><F27/><REACH who="2" ten="228,192,240,330" step="2"/><W90/><G129/><T45/><D7/><U17/><E26/><V24/><F24/><W35/><G131/><T42/><D79/><U93/><E93/><V52/><F52/><W29/><G60/><T106/><D106/><U39/><E39/><V104/><F104/><W72/><G105/><T50/><D42/><U9/><E25/><V135/><F135/><W89/><G35/><T101/><D101/><U62/><E47/><AGARI ba="0,1" hai="12,13,15,44,45,47,48,50,64,65,67" m="33354" machi="47" ten="40,5200,0" yaku="28,2,8,1" doraHai="34" who="0" fromWho="1" sc="228,62,192,-52,240,0,330,0" /><INIT seed="2,0,0,2,0,122" ten="290,140,240,330" oya="2" hai0="79,33,68,82,120,113,130,11,87,32,27,31,96" hai1="58,114,36,112,39,66,95,67,35,38,1,90,70" hai2="3,108,47,75,89,46,20,34,85,44,12,81,92" hai3="88,128,23,123,10,24,17,98,61,21,29,121,91"/><V111/><F34/><W37/><G128/><T125/><D113/><N who="1" m="43627" /><E35/><V94/><F3/><W101/><G37/><N who="1" m="14442" /><E95/><V117/><F117/><W135/><G10/><T40/><D40/><U5/><E5/><V57/><F57/><W69/><G135/><T54/><D68/><U55/><E90/><V93/><REACH who="2" step="1"/><F75/><REACH who="2" ten="290,140,230,330" step="2"/><W126/><G121/><T106/><D33/><U63/><E1/><V131/><F131/><W51/><G123/><T71/><D130/><U76/><E70/><V6/><F6/><W84/><G69/><T129/><D71/><U132/><E132/><V16/><AGARI ba="0,1" hai="12,16,20,44,46,47,81,85,89,92,93,94,108,111" machi="16" ten="40,12000,1" yaku="1,1,0,1,52,2,54,1,53,0" doraHai="122" doraHaiUra="65" who="2" fromWho="2" sc="290,-40,140,-40,230,130,330,-40" /><INIT seed="2,1,0,3,3,58" ten="250,100,360,290" oya="2" hai0="32,133,4,54,88,55,28,29,132,24,110,78,128" hai1="89,52,22,39,71,66,123,135,74,42,18,63,113" hai2="3,50,72,77,16,94,87,76,64,44,125,33,111" hai3="120,31,30,102,91,7,36,53,124,43,90,83,130"/><V34/><F125/><W117/><G120/><T47/><D110/><U6/><E113/><V108/><F3/><W38/><G117/><T103/><D103/><U20/><E135/><N who="0" m="51785" /><D78/><N who="2" m="30314" /><F72/><W119/><G119/><T80/><D128/><U15/><E74/><V122/><F122/><W5/><G102/><T46/><D4/><U17/><E123/><V101/><F64/><W23/><G43/><T2/><D29/><U126/><E126/><V96/><F87/><W56/><G124/><T13/><D13/><U112/><E112/><V67/><F67/><W99/><G38/><T100/><D100/><U104/><E104/><V27/><F50/><W81/><G36/><T106/><D2/><U41/><E6/><V129/><F129/><W107/><G130/><T109/><D109/><N who="2" m="42058" /><F44/><N who="0" m="16938" /><D106/><U45/><E39/><V62/><F62/><W21/><G107/><T57/><D57/><U59/><E45/><V114/><F114/><W127/><G127/><T51/><D51/><U86/><E66/><V93/><F94/><W37/><G37/><T98/><D80/><U82/><REACH who="1" step="1"/><E71/><REACH who="1" ten="250,90,360,290" step="2"/><V68/><F68/><W40/><G5/><T79/><D55/><U134/><E134/><V61/><F101/><W131/><G131/><T25/><D54/><U70/><E70/><V121/><F121/><W14/><G53/><T26/><D32/><U60/><E60/><V10/><F61/><W65/><G65/><T75/><D75/><U115/><E115/><V95/><F34/><W19/><G7/><T92/><D28/><U105/><E105/><V11/><F33/><W85/><G31/><T84/><D79/><RYUUKYOKU ba="1,1" sc="250,15,90,15,360,-15,290,-15" hai0="24,25,26,84,88,92,98" hai1="15,17,18,20,22,41,42,52,59,63,82,86,89" /><INIT seed="3,2,1,4,0,20" ten="265,105,345,275" oya="3" hai0="47,109,60,61,11,64,68,101,7,89,132,43,100" hai1="78,114,88,36,118,83,95,62,129,102,42,38,74" hai2="71,98,37,87,52,22,35,54,104,73,4,2,108" hai3="29,9,116,21,124,134,48,131,82,70,59,56,67"/><W49/><G116/><T19/><D109/><U92/><E114/><V117/><F108/><W39/><G134/><T111/><D111/><U30/><E129/><V5/><F73/><W15/><G131/><T18/><D132/><U97/><E118/><V45/><F35/><W120/><G120/><T115/><D115/><U77/><E42/><V14/><F71/><W8/><G39/><T122/><D122/><U65/><E77/><V72/><F72/><W55/><G70/><T10/><D89/><U31/><E31/><V33/><F117/><W91/><G124/><T34/><D34/><U26/><E95/><V41/><F2/><W79/><G91/><T135/><D60/><U69/><REACH who="1" step="1"/><E102/><REACH who="1" ten="265,95,345,275" step="2"/><V57/><F41/><W127/><G29/><T94/><D94/><U28/><E28/><V16/><F37/><W125/><G79/><T0/><D135/><U32/><AGARI ba="2,2" hai="26,30,32,36,38,62,65,69,74,78,83,88,92,97" machi="32" ten="20,12000,2" yaku="1,1,0,1,7,1,52,1,54,1,53,1" doraHai="20" doraHaiUra="76" who="1" fromWho="1" sc="265,-32,95,146,345,-32,275,-62" /><INIT seed="4,0,0,0,3,132" ten="233,241,313,213" oya="0" hai0="36,11,101,25,91,40,109,49,78,35,121,10,114" hai1="124,116,64,77,129,0,125,72,19,51,2,97,131" hai2="71,117,6,57,26,107,63,52,43,53,44,106,38" hai3="108,104,134,92,12,17,123,133,39,62,126,95,85"/><T67/><D121/><U22/><E116/><V46/><F117/><W86/><G39/><T33/><D36/><U75/><E64/><N who="2" m="41375" /><F6/><W45/><G108/><T31/><D35/><U112/><E112/><V7/><F7/><W4/><G4/><T88/><D114/><U58/><E97/><V42/><F26/><W110/><G110/><T118/><D118/><U18/><E58/><V27/><F27/><W115/><G115/><T3/><D109/><U56/><E56/><V8/><F8/><W34/><G34/><T94/><D67/><U48/><E77/><V102/><F102/><W82/><G62/><T90/><D78/><U13/><E13/><V24/><F24/><W21/><G104/><T65/><D65/><U130/><E130/><V87/><F87/><W50/><G86/><T20/><D33/><U70/><E70/><V128/><F107/><W47/><G123/><T66/><D66/><U59/><E59/><V135/><F106/><W100/><G47/><N who="2" m="17961" /><F38/><W84/><G84/><T98/><D3/><U14/><E14/><V99/><F99/><N who="3" m="59495" /><G95/><T28/><D31/><U32/><E32/><V23/><F128/><W1/><G1/><T55/><D40/><N who="2" m="15402" /><F135/><W89/><G133/><T113/><D113/><U9/><E9/><V73/><F73/><W83/><G134/><T103/><D103/><U120/><E22/><V122/><F122/><AGARI ba="0,0" hai="0,2,18,19,48,51,72,75,120,122,124,125,129,131" machi="122" ten="25,6400,0" yaku="22,2,52,2" doraHai="132" who="1" fromWho="2" sc="233,0,241,64,313,-64,213,0" /><INIT seed="5,0,0,0,1,3" ten="233,305,249,213" oya="1" hai0="107,90,114,22,131,106,36,79,120,110,130,59,111" hai1="42,27,98,1,135,17,119,113,12,40,126,104,26" hai2="101,127,49,19,92,53,116,129,7,81,109,56,118" hai3="51,25,117,15,69,66,86,97,18,24,95,108,84"/><U124/><E42/><V31/><F109/><N who="0" m="41482" /><D36/><U96/><E40/><V52/><F127/><N who="1" m="48681" /><E119/><V50/><F129/><N who="0" m="49162" /><D59/><U112/><E98/><V6/><F31/><W100/><G108/><T45/><D45/><U11/><E96/><N who="2" m="59527" /><F118/><W77/><G117/><T33/><D33/><U123/><E104/><N who="0" m="39977" /><D22/><U35/><E26/><V94/><F116/><W41/><G24/><T134/><D114/><U76/><E27/><V10/><F81/><W60/><G25/><T103/><D103/><U28/><E35/><V91/><F19/><W23/><G77/><T16/><D16/><U54/><E76/><V74/><F10/><W80/><G80/><T70/><D70/><U87/><E11/><V58/><F74/><W21/><G21/><T43/><D43/><U88/><E17/><V47/><F47/><W64/><G41/><T128/><D128/><U115/><E113/><V57/><F58/><W9/><G9/><T125/><D125/><U73/><E115/><V55/><F53/><W30/><G23/><T65/><D65/><U8/><E54/><V68/><F68/><W14/><G69/><T37/><D37/><U93/><E8/><V63/><F49/><W44/><G51/><T38/><D38/><U71/><E112/><V83/><F83/><W121/><G18/><T78/><D120/><U61/><E123/><V133/><F50/><W48/><G121/><T0/><D0/><U102/><E1/><V132/><F57/><N who="3" m="36879" /><G66/><T5/><D78/><U72/><E71/><V13/><F55/><N who="3" m="30087" /><G30/><T4/><D79/><U39/><E28/><V89/><F56/><W2/><G2/><RYUUKYOKU ba="0,0" sc="233,-10,305,-10,249,-10,213,30" hai3="14,15,84,86,95,97,100" /><INIT seed="6,1,0,3,1,47" ten="223,295,239,243" oya="2" hai0="117,18,17,35,121,84,62,41,115,113,123,3,91" hai1="40,92,45,128,98,126,43,48,16,83,25,64,65" hai2="93,9,11,75,66,12,51,23,61,112,39,82,81" hai3="21,6,129,1,24,105,80,70,67,96,108,19,130"/><V49/><F39/><W27/><G108/><T125/><D3/><U106/><E106/><V116/><F116/><W119/><G119/><T102/><D117/><U4/><E128/><N who="3" m="49258" /><G80/><N who="2" m="30825" /><F112/><N who="0" m="43082" /><D35/><U97/><E126/><V5/><F75/><W71/><G67/><N who="1" m="25674" /><E4/><V37/><F37/><W101/><G27/><T99/><D125/><U38/><E38/><V59/><F11/><AGARI ba="1,0" hai="1,6,11,19,21,24,70,71,96,101,105" m="49258" machi="11" ten="30,1000,0" yaku="19,1" doraHai="47" who="3" fromWho="2" sc="223,0,295,0,239,-13,243,13" /><INIT seed="7,0,0,1,3,20" ten="223,295,226,256" oya="3" hai0="131,93,79,82,85,86,135,40,104,39,112,14,13" hai1="72,64,6,129,96,9,84,28,60,48,33,62,18" hai2="1,130,56,87,29,26,116,50,127,31,24,92,17" hai3="47,113,98,30,80,22,97,71,115,111,125,52,43"/><W38/><G111/><T122/><D122/><U114/><E72/><V11/><F116/><W63/><G125/><T51/><D131/><U78/><E28/><N who="2" m="10827" /><F1/><W54/><G80/><T109/><D109/><U73/><E73/><V32/><F127/><W105/><G71/><T108/><D108/><U101/><E33/><V21/><F32/><W67/><G67/><T7/><D135/><U118/><E114/><N who="3" m="43530" /><G63/><T34/><D104/><U126/><E18/><V77/><F11/><W88/><G22/><T110/><D39/><U59/><E62/><V3/><F3/><W117/><G30/><T89/><D110/><U0/><E126/><V90/><F130/><W74/><G74/><T25/><D112/><U46/><E129/><V100/><F77/><W76/><G76/><T15/><D34/><U37/><E37/><V91/><F100/><N who="3" m="62607" /><G117/><T8/><REACH who="0" step="1"/><D25/><REACH who="0" ten="213,295,226,256" step="2"/><U61/><E118/><V55/><F91/><W103/><G88/><T83/><D83/><U41/><E78/><V19/><F19/><W23/><G38/><T123/><D123/><U75/><E64/><V36/><F36/><W5/><G103/><T133/><D133/><U120/><E101/><V53/><F26/><W81/><G81/><T10/><D10/><U128/><E9/><V69/><F69/><W27/><G27/><T106/><D106/><U66/><E128/><V99/><F87/><W65/><G65/><T124/><D124/><U68/><E120/><V70/><F70/><W134/><G134/><T94/><D94/><U102/><E84/><V107/><F107/><W119/><G119/><T42/><D42/><RYUUKYOKU ba="0,1" sc="213,15,295,-15,226,15,256,-15" hai0="7,8,13,14,15,40,51,79,82,85,86,89,93" hai2="17,21,24,50,53,55,56,90,92,99" /><INIT seed="8,1,1,4,1,34" ten="228,280,241,241" oya="0" hai0="79,74,0,102,24,114,83,126,89,57,50,41,98" hai1="38,30,43,59,2,63,23,12,120,119,66,33,84" hai2="99,116,31,55,58,110,35,106,113,91,115,6,3" hai3="48,130,46,111,131,8,69,77,107,18,133,95,26"/><T87/><D126/><U125/><E2/><V93/><F110/><W5/><G107/><T132/><D132/><U16/><E120/><V20/><F35/><W37/><G111/><T81/><D114/><U36/><E43/><V86/><F116/><W124/><G37/><T11/><D24/><U103/><E103/><V21/><F31/><W75/><G69/><T22/><D22/><U70/><E119/><V28/><F28/><W134/><G124/><T44/><D57/><U100/><E125/><V94/><F106/><W64/><G64/><T122/><D122/><U129/><E100/><V9/><F115/><W85/><G75/><T117/><D117/><U32/><E32/><V92/><F113/><W51/><G133/><T45/><D45/><U61/><E129/><V40/><F40/><W72/><G72/><T7/><D102/><U121/><E84/><V123/><F123/><W68/><G68/><T29/><D29/><U97/><E97/><V42/><F42/><W108/><G108/><T101/><D101/><U27/><E121/><V105/><F105/><W4/><G134/><T47/><D44/><U62/><E62/><V109/><F109/><W118/><G118/><T73/><D98/><U127/><E127/><V112/><F112/><W15/><G46/><T80/><REACH who="0" step="1"/><D74/><REACH who="0" ten="218,280,241,241" step="2"/><U14/><E30/><V104/><F104/><W56/><G26/><T13/><D13/><N who="1" m="5227" /><E33/><V60/><F99/><W53/><G130/><T67/><D67/><N who="1" m="39359" /><E27/><V128/><F128/><W90/><G131/><T49/><D49/><U65/><E66/><V88/><F86/><N who="3" m="52695" /><G51/><T17/><D17/><RYUUKYOKU ba="1,2" sc="218,0,280,0,241,0,241,0" hai0="0,7,11,41,47,50,73,79,80,81,83,87,89" hai1="16,23,36,38,63,65,70" hai2="3,6,9,20,21,55,58,60,88,91,92,93,94" hai3="4,5,8,15,18,48,53,56,77,85" /><INIT seed="8,2,2,0,0,76" ten="218,280,241,241" oya="0" hai0="16,74,73,131,87,54,70,32,7,117,65,124,35" hai1="101,36,99,21,112,59,77,116,135,130,38,98,84" hai2="60,63,94,100,52,26,71,41,120,49,95,1,5" hai3="72,62,114,44,13,102,14,134,12,11,79,27,111"/><T33/><D131/><U53/><E99/><V42/><F120/><W86/><G111/><T10/><D124/><U23/><E77/><V48/><F1/><W69/><G72/><T126/><D126/><U104/><E84/><V29/><F5/><W39/><G114/><T45/><D117/><U127/><E127/><V97/><F71/><W96/><G134/><T103/><D103/><U85/><E85/><V78/><F78/><W28/><G39/><T50/><D87/><U40/><E130/><V30/><F26/><W58/><G44/><T88/><D88/><U129/><E129/><V89/><F89/><W61/><G69/><T15/><REACH who="0" step="1"/><D7/><REACH who="0" ten="208,280,241,241" step="2"/><U107/><E101/><V133/><F100/><W51/><G86/><T91/><D91/><U92/><E116/><V118/><F118/><W75/><G75/><T128/><D128/><U121/><E98/><V20/><F97/><W90/><G90/><T113/><D113/><U93/><E112/><V81/><F81/><W125/><G125/><T47/><D47/><U82/><E82/><V64/><F133/><W80/><G80/><T67/><D67/><U46/><E46/><V2/><F64/><W109/><G96/><T8/><D8/><U57/><E135/><V123/><F95/><W122/><G102/><T119/><D119/><U66/><E66/><V17/><F94/><W24/><G79/><T3/><D3/><U83/><E83/><V37/><F2/><W56/><G11/><T6/><D6/><U18/><E93/><V25/><F37/><W132/><G132/><T43/><D43/><U68/><E40/><RYUUKYOKU ba="2,3" sc="208,30,280,-10,241,-10,241,-10" hai0="10,15,16,32,33,35,45,50,54,65,70,73,74" /><INIT seed="8,3,3,5,2,6" ten="238,270,231,231" oya="0" hai0="101,120,66,63,5,33,53,71,8,72,57,132,134" hai1="56,65,122,128,48,131,87,26,80,95,114,16,52" hai2="113,62,60,11,82,4,49,1,67,93,135,90,28" hai3="130,51,30,96,106,124,14,15,69,127,46,110,50"/><T84/><D120/><U9/><E122/><V79/><F113/><W68/><G110/><T111/><D72/><U47/><E95/><V12/><F135/><N who="0" m="51754" /><D33/><U74/><E74/><V44/><F28/><W109/><G109/><T36/><D36/><U64/><E114/><V92/><F1/><W19/><G30/><T86/><D101/><U42/><E9/><V22/><F22/><N who="3" m="11639" /><G130/><N who="1" m="49706" /><E16/><V121/><F121/><W107/><G15/><N who="0" m="5519" /><D111/><U125/><E26/><V99/><F93/><W27/><G27/><T10/><D10/><U75/><E125/><N who="3" m="48202" /><G106/><T0/><D0/><U126/><E75/><V39/><F39/><W34/><G34/><T89/><D89/><N who="1" m="51431" /><E126/><V77/><F77/><W112/><G112/><T38/><D38/><AGARI ba="3,3" hai="38,42,47,48,52,56,64,65" m="51431,49706" machi="38" ten="30,2000,0" yaku="19,1,54,1" doraHai="6" who="1" fromWho="0" sc="238,-29,270,59,231,0,231,0" owari="209,-29.0,329,43.0,231,3.0,231,-17.0" /></mjloggm>