<mjloggm ver="2.3"><GO type="169" lobby="0"/><UN n0="%E6%9F%8A%E3%81%AE%E6%9C%88" n1="%E3%81%94%E3%81%A7%E3%81%83%E3%82%93%E6%94%B9" n2="%4D%6B%72%74%72" n3="%E4%BF%BA%E3%82%AF%E3%83%A9%E3%82%B9%E3%81%AF%E3%83%80%E3%83%9E%EF%BC%81" dan="16,17,17,16" rate="2101.86,2145.19,2190.85,2099.60" sx="F,F,M,M"/><TAIKYOKU oya="0"/><INIT seed="0,0,0,2,2,81" ten="250,250,250,250" oya="0" hai0="65,66,106,111,122,32,11,117,25,88,76,56,50" hai1="104,29,75,91,40,72,60,4,95,101,58,69,39" hai2="67,127,89,45,71,12,131,84,105,102,114,77,55" hai3="5,51,93,62,22,99,20,9,47,120,73,85,44"/><T124/><D117/><U34/><E4/><V133/><F114/><W107/><G73/><T3/><D122/><U86/><E69/><V128/><F77/><W35/><G35/><T121/><D121/><U19/><E19/><V112/><F112/><W6/><G107/><T54/><D124/><U134/><E134/><V38/><F133/><W28/><G5/><T8/><D106/><U129/><E129/><V63/><F127/><W24/><G120/><T57/><D76/><U7/><E7/><V46/><F12/><W13/><G62/><T30/><D3/><U0/><E0/><V1/><F1/><W83/><G22/><T80/><D111/><U37/><E34/><V64/><F64/><W43/><G47/><T123/><D123/><U126/><E29/><V103/><F55/><W125/><G125/><T18/><D18/><U116/><E116/><V21/><F21/><W96/><G93/><T119/><D119/><U115/><E115/><V23/><F23/><W110/><G110/><T59/><D66/><U68/><E68/><V26/><F26/><W87/><G87/><T70/><D70/><U74/><E40/><N who="2" m="22679" /><F46/><W14/><G14/><T109/><D109/><U113/><E113/><V49/><F49/><W132/><G132/><T135/><D135/><U36/><E126/><V79/><F79/><AGARI ba="0,0" hai="6,9,13,20,24,28,43,44,51,79,83,85,96,99" machi="79" ten="30,8000,1" yaku="7,1,25,2,8,1,52,1" doraHai="81" who="3" fromWho="2" sc="250,0,250,0,250,-80,250,80" /><INIT seed="1,0,0,3,1,135" ten="250,250,170,330" oya="1" hai0="128,54,55,83,119,8,5,60,123,92,64,22,98" hai1="74,43,34,80,20,122,15,82,69,65,35,16,50" hai2="113,115,89,40,4,127,25,114,103,78,18,57,71" hai3="23,102,125,63,11,104,42,58,51,27,107,17,62"/><U48/><E122/><V132/><F71/><W68/><G102/><T108/><D119/><U109/><E109/><V133/><F103/><W45/><G125/><T85/><D108/><U105/><E105/><V37/><F78/><W111/><G111/><T9/><D123/><U26/><E74/><V91/><F4/><W49/><G49/><T10/><D128/><U90/><E50/><V131/><F131/><W59/><G68/><T75/><D75/><U13/><E69/><V72/><F72/><W129/><G129/><T79/><D22/><U24/><E65/><V88/><F57/><W100/><G100/><N who="0" m="60487" /><D5/><U36/><E36/><V112/><N who="2" m="28672" /><DORA hai="29" /><V44/><F127/><W19/><G11/><T81/><D81/><U84/><E80/><V2/><F2/><W66/><REACH who="3" step="1"/><G19/><REACH who="3" ten="250,250,170,320" step="2"/><T1/><D1/><U12/><REACH who="1" step="1"/><E26/><REACH who="1" ten="250,240,170,320" step="2"/><V53/><F25/><W77/><G77/><T39/><D39/><U31/><E31/><V52/><F18/><W86/><G86/><T96/><D79/><U116/><E116/><V93/><F93/><W121/><G121/><T117/><D85/><U47/><AGARI ba="0,2" hai="12,13,15,16,20,24,34,35,43,47,48,82,84,90" machi="47" ten="30,18000,2" yaku="1,1,0,1,52,2,54,1,53,1" doraHai="135,29" doraHaiUra="118,14" who="1" fromWho="1" sc="250,-60,240,200,170,-60,320,-60" /><INIT seed="1,1,0,5,4,79" ten="190,440,110,260" oya="1" hai0="111,134,80,65,86,7,113,122,33,48,94,91,82" hai1="131,21,56,117,116,49,93,47,102,2,115,118,66" hai2="61,127,90,81,123,89,52,133,95,130,38,50,107" hai3="9,4,96,12,41,97,62,57,67,29,30,45,36"/><U15/><E2/><V77/><F123/><W109/><REACH who="3" step="1"/><G109/><REACH who="3" ten="190,440,110,250" step="2"/><T135/><D111/><U20/><E116/><V78/><F133/><W3/><G3/><T31/><D122/><U28/><E117/><V75/><F130/><W64/><G64/><T8/><D65/><U125/><E118/><V1/><F1/><W40/><G40/><T92/><D113/><U51/><E66/><V39/><F39/><W32/><G32/><T60/><D135/><U44/><E131/><V70/><F38/><W132/><G132/><T100/><D134/><U54/><E115/><V124/><F124/><W88/><G88/><T85/><D33/><U99/><E125/><V43/><F127/><W59/><G59/><T24/><D91/><U10/><E56/><V101/><F43/><W103/><G103/><T26/><D100/><U121/><E121/><V76/><F101/><W55/><G55/><T112/><D112/><U106/><E106/><V63/><F107/><W120/><G120/><T5/><D60/><U119/><E119/><V53/><F90/><W35/><G35/><T11/><D48/><U71/><E49/><V22/><F63/><W68/><G68/><T128/><D128/><U37/><E71/><V46/><F70/><W126/><G126/><T108/><D108/><U6/><E37/><V87/><F61/><W0/><G0/><T129/><D129/><U58/><E58/><V98/><F53/><W17/><G17/><T72/><D31/><AGARI ba="1,1" hai="4,9,12,29,30,31,36,41,45,57,62,67,96,97" machi="31" ten="40,2600,0" yaku="21,2,53,0" doraHai="79" doraHaiUra="23" who="3" fromWho="0" sc="190,-29,440,0,110,0,250,39" /><INIT seed="2,0,0,5,1,43" ten="161,440,110,289" oya="2" hai0="82,48,74,4,56,69,107,119,86,36,50,111,134" hai1="92,28,123,106,42,124,77,76,57,108,126,25,30" hai2="39,127,72,12,81,5,97,120,51,40,63,93,34" hai3="10,14,19,121,61,104,33,103,101,65,44,47,45"/><V116/><F116/><W41/><G121/><T32/><D119/><U88/><E106/><V80/><F120/><W22/><G33/><T38/><D107/><U87/><E108/><V58/><F39/><W62/><G104/><T85/><D69/><U98/><E123/><V64/><F34/><W91/><G41/><T9/><D32/><U1/><E1/><V70/><F72/><W20/><G20/><T2/><D111/><U129/><E129/><V11/><F127/><N who="1" m="48681" /><E42/><V110/><F110/><W49/><G49/><T75/><D134/><U8/><E8/><V54/><REACH who="2" step="1"/><F40/><REACH who="2" ten="161,440,100,289" step="2"/><W105/><G105/><T37/><D75/><U52/><E30/><V114/><F114/><W26/><G91/><AGARI ba="0,1" hai="5,11,12,51,54,58,63,64,70,80,81,91,93,97" machi="91" ten="30,2900,0" yaku="1,1,7,1,53,0" doraHai="43" doraHaiUra="73" who="2" fromWho="3" sc="161,0,440,0,100,39,289,-29" /><INIT seed="2,1,0,5,5,56" ten="161,440,139,260" oya="2" hai0="32,122,124,84,104,17,83,52,127,6,129,35,134" hai1="94,112,20,99,119,74,47,61,39,1,135,34,121" hai2="36,101,71,120,131,100,21,117,78,91,45,15,93" hai3="90,5,108,0,88,72,33,69,116,59,49,38,79"/><V2/><F2/><W9/><G116/><T110/><D122/><U42/><E112/><V8/><F117/><W87/><G69/><T76/><D104/><U125/><E119/><V66/><F120/><W54/><G108/><T29/><D110/><U51/><E34/><V31/><F78/><W46/><G33/><T23/><D134/><U60/><E74/><V48/><F36/><W80/><G87/><T111/><D111/><U95/><E1/><V86/><F131/><W65/><G65/><T7/><D129/><U130/><E130/><V89/><F89/><W41/><AGARI ba="1,0" hai="0,5,9,38,41,46,49,54,59,72,79,80,88,90" machi="41" ten="30,7900,0" yaku="0,1,25,2,54,1" doraHai="56" who="3" fromWho="3" sc="161,-21,440,-21,139,-40,260,82" /><INIT seed="3,0,0,3,0,81" ten="140,419,99,342" oya="3" hai0="133,26,106,32,107,57,99,130,75,124,94,13,21" hai1="127,14,41,38,101,65,55,11,76,102,54,10,0" hai2="89,17,129,36,56,117,132,108,100,1,24,73,128" hai3="3,48,59,19,134,9,39,71,131,31,111,123,42"/><W90/><G71/><T83/><D133/><U82/><E127/><V53/><F117/><W35/><G123/><T12/><D32/><U95/><E65/><V92/><F73/><W70/><G70/><T86/><D75/><N who="1" m="43295" /><E95/><V6/><F36/><W72/><G72/><T122/><D122/><U88/><E88/><V8/><F100/><N who="1" m="38505" /><E11/><V25/><F108/><W69/><G69/><T7/><D124/><U85/><E85/><N who="2" m="52271" /><F132/><W51/><G134/><T77/><D107/><U66/><E14/><V44/><F17/><W115/><G115/><T126/><D106/><U64/><E66/><V79/><F79/><W46/><G111/><T113/><D113/><U116/><E64/><V67/><F67/><W5/><G131/><N who="2" m="50249" /><F44/><W15/><G59/><T61/><D126/><U40/><E40/><V28/><F28/><W78/><G78/><T16/><D130/><U47/><E116/><V112/><F112/><W121/><G121/><T84/><D84/><U96/><E96/><V45/><F45/><W60/><G90/><N who="0" m="55767" /><D7/><AGARI ba="0,0" hai="0,7,10,38,41,47,54,55" m="38505,43295" machi="7" ten="30,1000,0" yaku="25,1" doraHai="81" who="1" fromWho="0" sc="140,-10,419,10,99,0,342,0" /><INIT seed="4,0,0,0,4,9" ten="130,429,99,342" oya="0" hai0="123,68,19,6,73,17,67,56,79,26,57,112,111" hai1="55,59,12,89,44,75,36,7,126,18,8,27,3" hai2="11,33,5,78,62,66,35,118,116,16,23,96,10" hai3="13,109,0,135,99,133,132,129,69,34,108,58,124"/><T104/><D104/><U47/><E126/><V37/><F37/><W51/><G69/><T15/><D123/><U125/><E125/><V100/><F78/><W45/><G0/><T103/><D103/><U29/><E75/><V61/><F96/><W77/><G124/><T102/><D102/><U87/><E36/><V64/><F100/><W81/><G129/><T70/><D6/><U71/><E71/><V72/><F72/><W86/><G34/><T25/><D73/><U76/><E76/><V14/><F35/><W80/><G99/><T95/><D95/><U85/><E85/><V38/><F38/><W43/><G81/><T117/><D79/><U31/><E3/><V30/><F10/><W128/><G128/><T93/><D93/><U92/><E7/><V101/><F101/><W65/><G13/><T41/><D117/><N who="2" m="45162" /><F30/><N who="1" m="11273" /><E27/><N who="2" m="14823" /><F33/><W134/><G134/><T113/><D111/><U2/><E2/><V74/><F74/><W97/><G97/><T110/><D110/><U107/><E107/><V131/><F131/><W1/><G1/><T21/><D21/><U24/><E24/><V120/><F120/><W22/><G22/><T94/><D26/><U119/><E119/><V53/><F53/><W42/><G42/><T54/><D25/><U91/><E91/><V49/><F49/><AGARI ba="0,0" hai="8,12,18,44,47,49,55,59,87,89,92" m="11273" machi="49" ten="30,2000,0" yaku="8,1,52,1" doraHai="9" who="1" fromWho="2" sc="130,0,429,20,99,-20,342,0" /><INIT seed="5,0,0,1,0,118" ten="130,449,79,342" oya="1" hai0="104,71,106,129,117,105,70,57,0,82,110,74,4" hai1="65,84,26,116,42,132,51,67,13,41,115,21,68" hai2="46,35,37,20,123,99,24,75,72,39,69,90,89" hai3="113,27,11,56,128,100,107,81,63,48,108,12,92"/><U19/><E116/><V43/><F69/><W14/><G107/><T126/><D117/><U54/><E132/><V77/><F35/><W1/><G108/><T112/><D110/><U135/><E115/><V133/><F133/><W32/><G48/><T114/><D57/><U18/><E135/><V76/><F39/><W93/><G128/><T83/><D129/><U50/><E50/><V62/><F62/><W29/><G81/><N who="0" m="30731" /><D74/><U73/><E73/><V78/><F90/><W122/><G122/><T119/><D119/><U96/><E96/><V91/><F89/><W86/><G93/><T25/><D25/><U3/><E84/><V40/><F40/><N who="1" m="15465" /><E3/><V124/><F123/><W59/><G86/><T120/><D126/><U30/><E68/><N who="0" m="26153" /><D4/><U8/><E19/><V131/><F124/><W95/><G113/><N who="0" m="43627" /><D0/><U10/><E10/><V6/><F6/><W52/><G59/><AGARI ba="0,0" hai="8,13,18,21,26,30,51,54,59,65,67" m="15465" machi="59" ten="30,1500,0" yaku="8,1" doraHai="118" who="1" fromWho="3" sc="130,0,449,15,79,0,342,-15" /><INIT seed="5,1,0,1,2,36" ten="130,464,79,327" oya="1" hai0="82,80,54,49,81,133,63,9,103,126,71,102,0" hai1="44,67,77,124,23,115,17,88,62,24,30,129,76" hai2="112,131,50,120,84,31,53,19,114,94,121,119,59" hai3="87,109,29,134,125,64,95,123,130,25,34,116,21"/><U22/><E115/><N who="2" m="44075" /><F31/><W91/><G123/><N who="2" m="47177" /><F19/><W104/><G109/><T97/><D133/><U32/><E124/><V101/><F101/><W93/><G104/><T92/><D126/><U98/><E129/><V89/><F131/><W55/><G125/><T46/><D71/><U72/><E32/><V35/><F35/><W117/><G134/><T85/><D63/><U8/><E72/><V40/><F119/><N who="3" m="45643" /><G130/><T83/><D103/><U68/><E8/><V65/><F65/><W12/><G64/><T69/><D69/><U7/><E7/><V1/><F1/><W61/><G12/><T11/><REACH who="0" step="1"/><D0/><REACH who="0" ten="120,464,79,327" step="2"/><U4/><E76/><AGARI ba="1,1" hai="9,11,46,49,54,76,80,81,82,83,85,92,97,102" machi="76" ten="40,5200,0" yaku="1,1,2,1,8,1,53,0" doraHai="36" doraHaiUra="86" who="0" fromWho="1" sc="120,65,464,-55,79,0,327,0" /><INIT seed="6,0,0,3,4,68" ten="185,409,79,327" oya="2" hai0="129,6,0,73,31,92,72,102,83,43,29,132,107" hai1="82,56,93,59,90,48,21,38,65,60,89,134,116" hai2="51,105,13,9,106,125,22,108,109,19,94,61,122" hai3="2,42,69,118,98,74,25,100,35,16,12,8,115"/><V119/><F119/><W70/><G74/><T111/><D107/><U127/><E116/><V10/><F122/><W49/><G2/><T85/><D111/><N who="2" m="42570" /><F125/><W121/><G121/><T96/><D132/><U23/><E38/><V55/><F61/><W133/><G133/><T44/><D129/><U87/><E127/><V130/><F130/><W135/><G135/><T45/><D72/><U64/><E134/><V62/><F62/><W3/><G3/><T77/><D45/><U39/><E39/><V26/><F94/><W123/><G115/><T11/><REACH who="0" step="1"/><D85/><REACH who="0" ten="175,409,79,327" step="2"/><U91/><E87/><V50/><F9/><W1/><G123/><T114/><D114/><U75/><E75/><V40/><F40/><W53/><G42/><T7/><D7/><U63/><E65/><V101/><F101/><W103/><G103/><T57/><D57/><U110/><E59/><N who="2" m="33271" /><F51/><AGARI ba="0,1" hai="0,6,11,29,31,43,44,51,73,77,83,92,96,102" machi="51" ten="30,2000,0" yaku="1,1,7,1,53,0" doraHai="68" doraHaiUra="54" who="0" fromWho="2" sc="175,30,409,0,79,-20,327,0" /><INIT seed="7,0,0,2,3,101" ten="205,409,59,327" oya="3" hai0="23,107,91,56,7,92,10,87,50,129,84,46,63" hai1="33,37,22,119,14,18,44,90,93,82,12,75,125" hai2="52,19,112,48,25,39,24,9,26,62,5,86,97" hai3="43,15,134,16,45,102,0,99,36,65,120,131,1"/><W135/><G120/><T133/><D107/><U105/><E105/><V103/><F112/><W21/><G131/><T69/><D69/><U4/><E33/><V32/><F39/><W29/><G65/><N who="0" m="39143" /><D133/><N who="3" m="50697" /><G29/><T111/><D111/><U106/><E125/><V42/><F42/><W72/><G72/><T60/><D60/><U95/><E106/><AGARI ba="0,0" hai="0,1,15,16,21,36,43,45,99,102,106" m="50697" machi="106" ten="30,5800,0" yaku="20,1,52,1,54,1" doraHai="101" who="3" fromWho="1" sc="205,0,409,-58,59,0,327,58" owari="205,-19.0,351,15.0,59,-44.0,385,48.0" /></mjloggm>