<mjloggm ver="2.3"><GO type="169" lobby="0"/><UN n0="%57%49%4E%E7%A5%9E" n1="%E3%83%A1%E3%82%BF%E3%83%AB%E3%81%AF%E3%81%BE%E3%81%A3%E3%81%A1%E2%98%86" n2="%42%65%6E%63%68%69%6E%67" n3="%74%6E%66%73%68%32%30%34" dan="16,17,18,18" rate="2123.82,2170.72,2247.42,2236.10" sx="M,M,M,M"/><TAIKYOKU oya="0"/><INIT seed="0,0,0,0,3,104" ten="250,250,250,250" oya="0" hai0="57,79,94,122,77,95,7,88,71,110,28,56,36" hai1="14,39,21,64,85,84,125,66,53,59,60,11,17" hai2="115,87,22,13,82,134,119,92,111,86,29,121,96" hai3="129,18,10,78,58,4,102,109,74,27,93,130,106"/><T133/><D122/><U0/><E125/><V19/><F115/><W126/><G106/><T89/><D71/><U75/><E39/><V76/><F111/><W72/><G109/><T99/><D110/><U34/><E34/><V100/><F121/><W98/><G78/><N who="0" m="29707" /><D36/><U63/><E75/><N who="3" m="28714" /><G58/><N who="0" m="22635" /><D133/><U49/><E0/><V55/><F134/><W3/><G27/><T8/><D28/><U45/><E63/><V68/><F68/><W37/><G37/><T16/><D7/><U33/><E33/><V113/><F119/><W15/><G126/><T46/><D46/><U62/><E62/><V26/><F113/><W112/><G112/><T42/><D42/><U108/><E108/><V135/><F135/><W83/><G83/><T5/><D5/><U31/><REACH who="1" step="1"/><E64/><REACH who="1" ten="250,240,250,250" step="2"/><V2/><F2/><W91/><G3/><T43/><D43/><U32/><E32/><V65/><F65/><W51/><G51/><T90/><D99/><U101/><E101/><V25/><F55/><W67/><G67/><T103/><D103/><U54/><E54/><V69/><F69/><W35/><G35/><T38/><D38/><U6/><E6/><V47/><F87/><W116/><G116/><T61/><D61/><U131/><E131/><N who="3" m="50186" /><G4/><T127/><D127/><U44/><E44/><V114/><F47/><W23/><G102/><T132/><D132/><U123/><E123/><V9/><F114/><W118/><G118/><T30/><D30/><U12/><E12/><AGARI ba="0,1" hai="8,12,16,88,89,90,94,95" m="22635,29707" machi="12" ten="30,5800,0" yaku="8,1,54,2" doraHai="104" who="0" fromWho="1" sc="250,68,240,-58,250,0,250,0" /><INIT seed="0,1,0,1,2,129" ten="318,182,250,250" oya="0" hai0="15,79,6,1,53,83,102,105,58,111,135,95,118" hai1="134,21,55,108,124,75,39,18,117,100,4,125,106" hai2="123,16,81,42,64,116,38,12,5,131,25,14,61" hai3="96,72,91,73,120,45,97,29,66,47,3,70,46"/><T23/><D118/><U17/><E117/><V40/><F123/><W56/><G120/><T67/><D105/><U68/><E75/><V122/><F122/><W121/><G121/><T10/><D135/><U113/><E113/><V110/><F131/><W62/><G3/><T86/><D111/><U133/><E108/><V57/><F116/><W82/><G29/><T44/><D67/><U48/><E39/><V59/><F38/><W41/><G41/><N who="2" m="15977" /><F5/><W32/><G32/><T7/><D44/><N who="1" m="28039" /><E68/><V126/><F126/><N who="1" m="48745" /><E4/><V30/><F30/><W84/><REACH who="3" step="1"/><G70/><REACH who="3" ten="318,182,250,240" step="2"/><T8/><D1/><U35/><E35/><V107/><F110/><W89/><G89/><T69/><D69/><U19/><E21/><N who="2" m="13479" /><F107/><W24/><G24/><T87/><D23/><U43/><E43/><V26/><F26/><W85/><G85/><T0/><D87/><U54/><E54/><V31/><F31/><W112/><G112/><T71/><D71/><U78/><E78/><V50/><F81/><W101/><G101/><T63/><D102/><U88/><E88/><V92/><F92/><W90/><G90/><T94/><AGARI ba="1,1" hai="0,6,7,8,10,15,53,58,63,79,83,86,94,95" machi="94" ten="30,1500,0" yaku="0,1" doraHai="129" who="0" fromWho="0" sc="318,28,182,-6,250,-6,240,-6" /><INIT seed="0,2,0,2,1,26" ten="346,176,244,234" oya="0" hai0="15,34,94,10,90,44,30,105,112,75,67,99,128" hai1="37,62,106,120,121,87,16,73,123,82,12,116,64" hai2="88,47,3,29,13,117,133,115,124,56,85,135,65" hai3="48,27,79,95,119,25,125,50,59,0,74,127,132"/><T31/><D112/><U4/><E116/><V40/><F115/><W38/><G119/><T39/><D128/><U68/><E106/><V54/><F3/><W96/><G38/><T134/><D134/><N who="2" m="51210" /><F117/><W97/><G0/><T118/><D118/><U20/><E37/><V101/><F101/><W49/><G132/><T55/><D75/><U33/><E33/><V72/><F72/><W84/><G74/><T110/><D110/><U102/><E73/><V129/><F65/><W28/><G25/><T114/><D114/><U92/><E4/><V32/><F13/><W23/><G59/><T36/><D67/><U98/><REACH who="1" step="1"/><E121/><REACH who="1" ten="346,166,244,234" step="2"/><V100/><F32/><W111/><G111/><T19/><D34/><U70/><E70/><V71/><F71/><W18/><G127/><T78/><D105/><U91/><AGARI ba="2,1" hai="12,16,20,62,64,68,82,87,91,92,98,102,120,123" machi="91" ten="20,8000,1" yaku="1,1,0,1,7,1,54,1,53,1" doraHai="26" doraHaiUra="63" who="1" fromWho="1" sc="346,-42,166,96,244,-22,234,-22" /><INIT seed="1,0,0,4,1,134" ten="304,262,222,212" oya="1" hai0="9,126,115,101,73,84,11,116,70,37,98,43,110" hai1="25,83,85,114,34,122,6,135,104,21,55,28,95" hai2="48,128,26,133,53,75,82,120,59,118,44,113,77" hai3="89,80,17,125,100,3,123,88,57,132,129,65,47"/><U79/><E114/><V54/><F120/><W19/><G123/><T18/><D115/><U87/><E122/><V16/><F118/><W32/><G32/><T22/><D116/><U41/><E135/><V4/><F133/><W0/><G132/><T91/><D73/><U78/><E104/><V71/><F128/><W20/><G129/><T56/><D70/><U106/><E106/><V33/><F71/><W39/><G100/><T130/><D130/><U29/><E41/><V112/><F4/><W62/><G19/><T49/><D110/><U27/><E6/><V117/><F117/><W127/><G47/><T76/><D76/><U15/><E15/><V131/><F131/><W45/><G45/><T111/><D111/><U10/><E10/><V51/><REACH who="2" step="1"/><F33/><REACH who="2" ten="304,262,212,212" step="2"/><W74/><G39/><T23/><D37/><U58/><E95/><V61/><F61/><W67/><G3/><T12/><D43/><U108/><E108/><V68/><F68/><W94/><G0/><T13/><D49/><U92/><E92/><V38/><F38/><W8/><G94/><T72/><D72/><U93/><E93/><V7/><F7/><W105/><G105/><T1/><D1/><U97/><E97/><V63/><F63/><W2/><G2/><T14/><D98/><U30/><E34/><V81/><F81/><W96/><G96/><T24/><D101/><U107/><E83/><V5/><F5/><W60/><G80/><T52/><D11/><U119/><E119/><V103/><F103/><W99/><G8/><T35/><D9/><U69/><E69/><V31/><F31/><RYUUKYOKU ba="0,1" sc="304,-10,262,-10,212,30,212,-10" hai2="16,26,44,48,51,53,54,59,75,77,82,112,113" /><INIT seed="2,1,1,5,3,67" ten="294,252,242,202" oya="2" hai0="19,111,129,74,50,107,45,47,71,12,70,30,104" hai1="60,130,32,10,123,36,105,92,18,126,40,91,93" hai2="120,116,11,15,16,88,29,39,62,27,7,33,51" hai3="133,68,77,69,72,108,117,99,75,87,56,28,110"/><V96/><F120/><W124/><G117/><T21/><D74/><U8/><E105/><V0/><F116/><W98/><G124/><T134/><D111/><N who="3" m="42537" /><G133/><T128/><D134/><U17/><E32/><V52/><F39/><W61/><G87/><T80/><D80/><U46/><E123/><V109/><F62/><W125/><G28/><T135/><D30/><U3/><E130/><N who="0" m="50281" /><D135/><U89/><E126/><V127/><F127/><W73/><G77/><T9/><D21/><U95/><E60/><V121/><F121/><W2/><G2/><T38/><D38/><U26/><E26/><V13/><F109/><W113/><G113/><T131/><D131/><U115/><E115/><V82/><F13/><W41/><G41/><N who="0" m="24879" /><D47/><U42/><E3/><V102/><F102/><W5/><G5/><T78/><D78/><U44/><E93/><V84/><F96/><N who="3" m="36907" /><G125/><T83/><D83/><U20/><E36/><V24/><F24/><W14/><G14/><T66/><D66/><AGARI ba="1,1" hai="56,61,66,68,69,72,73,75" m="36907,42537" machi="66" ten="40,5200,0" yaku="14,1,52,2" doraHai="67" who="3" fromWho="0" sc="294,-55,252,0,242,0,202,65" /><INIT seed="3,0,0,1,3,11" ten="239,252,242,267" oya="3" hai0="70,3,27,132,53,10,2,79,112,54,49,34,100" hai1="69,17,107,92,66,60,36,133,85,122,87,73,81" hai2="80,128,110,33,91,65,74,20,105,111,72,44,94" hai3="119,58,101,90,37,32,125,121,89,19,124,21,68"/><W39/><G121/><T93/><D132/><U64/><E122/><V96/><F33/><W45/><G119/><T55/><D112/><U30/><E133/><V108/><F65/><W57/><G68/><T52/><D70/><U115/><E115/><V13/><F128/><W78/><G101/><T113/><D113/><U99/><E36/><N who="3" m="13898" /><G78/><T1/><D79/><U75/><E64/><V15/><F105/><W120/><G45/><T71/><D71/><U26/><E17/><V31/><F44/><W77/><G77/><T63/><D63/><U103/><E92/><V42/><F42/><W29/><G29/><T102/><D27/><U97/><E97/><V24/><F80/><W106/><G32/><T59/><D34/><N who="1" m="20823" /><E87/><V109/><N who="2" m="27648" /><DORA hai="0" /><V40/><REACH who="2" step="1"/><F40/><REACH who="2" ten="239,252,232,267" step="2"/><W14/><G106/><T104/><D104/><U76/><AGARI ba="0,1" hai="60,66,69,73,75,76,81,85,99,103,107" m="20823" machi="76" ten="30,1100,0" yaku="25,1" doraHai="11,0" who="1" fromWho="1" sc="239,-3,252,21,232,-3,267,-5" /><INIT seed="4,0,0,1,2,74" ten="236,273,229,262" oya="0" hai0="10,76,72,41,84,1,90,30,86,116,88,104,114" hai1="20,35,95,130,101,122,28,83,94,62,6,19,134" hai2="5,24,48,97,124,23,81,126,103,29,107,63,85" hai3="117,21,73,129,92,96,7,37,31,44,51,77,27"/><T112/><D116/><U120/><E134/><V67/><F5/><W53/><G117/><T22/><D41/><U38/><E130/><V115/><F48/><W123/><G129/><T135/><D135/><U12/><E38/><V58/><REACH who="2" step="1"/><F115/><REACH who="2" ten="236,273,219,262" step="2"/><N who="0" m="44074" /><D104/><U17/><E6/><V25/><F25/><W2/><G123/><T131/><D131/><U8/><E120/><V64/><F64/><W118/><G118/><T121/><D121/><U4/><E4/><V43/><F43/><W128/><G128/><T106/><D106/><U40/><E40/><V71/><F71/><W109/><G37/><T15/><D1/><U79/><E122/><V133/><F133/><W49/><G7/><N who="0" m="3551" /><D30/><U113/><E12/><V61/><F61/><W57/><G2/><T16/><D72/><U56/><E28/><V127/><F127/><W99/><G73/><T100/><D100/><U75/><E101/><V68/><F68/><W93/><G31/><T54/><D54/><U80/><E75/><V91/><AGARI ba="0,1" hai="23,24,29,58,63,67,81,85,91,97,103,107,124,126" machi="91" ten="30,2000,0" yaku="1,1,0,1,53,0" doraHai="74" doraHaiUra="46" who="2" fromWho="2" sc="236,-10,273,-5,219,30,262,-5" /><INIT seed="5,0,0,2,4,127" ten="226,268,249,257" oya="1" hai0="36,54,99,67,82,17,2,77,57,22,117,90,122" hai1="29,61,15,134,48,76,52,89,65,41,110,116,95" hai2="101,25,14,81,8,55,118,108,109,58,38,126,44" hai3="7,13,119,129,131,75,66,128,64,20,42,37,123"/><U104/><E116/><V133/><F118/><W69/><G123/><T79/><D117/><U92/><E104/><V88/><F126/><W72/><G119/><T124/><D124/><U135/><E110/><V0/><F133/><N who="1" m="50697" /><E76/><V10/><F101/><W86/><G86/><T18/><D122/><U73/><E73/><N who="3" m="28234" /><G69/><T98/><D36/><U93/><E41/><V33/><F0/><W6/><G20/><T111/><D2/><U49/><E29/><V62/><F33/><W114/><G114/><T45/><D111/><U87/><E15/><V106/><F10/><N who="3" m="4311" /><G7/><T71/><D71/><N who="1" m="42415" /><E49/><V107/><F25/><W74/><G74/><T103/><D22/><U78/><E78/><V28/><F28/><W23/><G23/><T56/><D79/><U105/><E105/><V12/><F12/><W40/><G40/><T43/><D77/><U68/><E68/><V24/><F24/><W21/><G21/><T27/><D43/><U120/><E120/><V11/><F11/><W125/><G125/><T59/><D67/><N who="3" m="25641" /><G42/><T102/><D27/><U16/><E16/><N who="2" m="8263" /><F106/><W31/><G31/><T47/><D17/><U9/><E9/><V97/><F108/><W46/><G46/><AGARI ba="0,0" hai="46,48,52,87,89,92,93,95" m="42415,50697" machi="46" ten="30,2900,0" yaku="20,1,54,1" doraHai="127" who="1" fromWho="3" sc="226,0,268,29,249,0,257,-29" /><INIT seed="5,1,0,3,3,72" ten="226,297,249,228" oya="1" hai0="67,132,34,127,4,16,82,11,65,8,100,56,37" hai1="114,93,107,46,10,123,79,118,71,41,24,60,22" hai2="12,85,47,83,111,66,75,90,73,52,61,17,18" hai3="103,122,36,94,28,116,128,42,15,80,59,19,84"/><U108/><E118/><V21/><F111/><W130/><G122/><T70/><D70/><U105/><E123/><V25/><F47/><W126/><G116/><T69/><D69/><U20/><E114/><V112/><F112/><W53/><G28/><T110/><D34/><U64/><E108/><V76/><F66/><W27/><G27/><T3/><D110/><U86/><E10/><V13/><F75/><W102/><G126/><T106/><D127/><U87/><E22/><V48/><F61/><W89/><G42/><T7/><D132/><U63/><E87/><V33/><F33/><W119/><G36/><T129/><D37/><U54/><E54/><V92/><REACH who="2" step="1"/><F18/><REACH who="2" ten="226,297,239,228" step="2"/><W9/><G119/><T23/><D67/><U97/><E60/><V101/><F101/><W98/><REACH who="3" step="1"/><G103/><REACH who="3" ten="226,297,239,218" step="2"/><T55/><D100/><U14/><E41/><V6/><F6/><W135/><G135/><T40/><D7/><U121/><E121/><V91/><F91/><W96/><G96/><T88/><D4/><U0/><E97/><V133/><F133/><W125/><G125/><T49/><D88/><U99/><E99/><V120/><F120/><W62/><AGARI ba="1,2" hai="9,15,19,53,59,62,80,84,89,94,98,102,128,130" machi="62" ten="30,2000,0" yaku="1,1,0,1,53,0" doraHai="72" doraHaiUra="68" who="3" fromWho="3" sc="226,-6,297,-11,239,-6,218,43" /><INIT seed="6,0,0,0,1,50" ten="220,286,233,261" oya="2" hai0="112,97,74,25,109,38,70,82,27,51,84,115,24" hai1="26,114,65,92,4,94,62,125,116,34,43,23,54" hai2="77,22,30,81,123,33,111,61,56,110,21,35,80" hai3="122,86,15,128,31,69,18,133,131,14,126,55,132"/><V36/><F36/><W108/><G108/><N who="2" m="41513" /><F123/><W53/><G69/><T28/><D109/><U29/><E116/><V5/><F5/><W120/><G86/><T83/><D38/><U58/><E125/><V42/><F42/><W107/><G107/><T127/><D127/><U100/><E114/><N who="0" m="43561" /><D70/><U49/><E43/><V88/><F80/><N who="0" m="30762" /><D74/><U121/><E121/><N who="3" m="46698" /><G31/><T129/><D129/><N who="3" m="49737" /><G126/><T44/><D97/><U87/><E4/><V117/><F117/><W118/><G118/><T72/><D84/><U102/><E34/><N who="2" m="12811" /><F30/><W45/><G45/><T10/><D10/><U67/><E87/><N who="2" m="50287" /><F77/><W75/><G75/><T41/><D72/><U32/><E32/><AGARI ba="0,0" hai="24,25,27,28,32,41,44,51" m="30762,43561" machi="32" ten="30,1000,0" yaku="15,1" doraHai="50" who="0" fromWho="1" sc="220,10,286,-10,233,0,261,0" /><INIT seed="7,0,0,5,4,23" ten="230,276,233,261" oya="3" hai0="114,129,106,117,61,55,53,76,31,19,95,8,98" hai1="22,133,86,0,47,45,132,32,28,93,54,49,40" hai2="43,73,33,89,36,74,25,15,103,102,56,38,52" hai3="12,116,70,100,120,109,80,118,66,9,128,75,115"/><W44/><G120/><T101/><D117/><U13/><E0/><V78/><F89/><W35/><G109/><T96/><D129/><U5/><E32/><V111/><F111/><W65/><G128/><T112/><D76/><U67/><E67/><V104/><F15/><W126/><G100/><T85/><D31/><U34/><E34/><V17/><F78/><W135/><G35/><T134/><D134/><U105/><E105/><V83/><F83/><W27/><G135/><T108/><D85/><U92/><E86/><V113/><F113/><N who="0" m="43626" /><D108/><U62/><E62/><V131/><F131/><W20/><G80/><T72/><D61/><U29/><E29/><V37/><F43/><W3/><G75/><T88/><D72/><U41/><E54/><V82/><F82/><W107/><G66/><T87/><D87/><U24/><E132/><V42/><F42/><W124/><G65/><T58/><D58/><U7/><E133/><V21/><F33/><W94/><G115/><T68/><D68/><U10/><E5/><V18/><F74/><W79/><G70/><T2/><D2/><U110/><E110/><V16/><F73/><W84/><G3/><T123/><D123/><U125/><E125/><V57/><F57/><W81/><G124/><T60/><D60/><U6/><E7/><V1/><F1/><W46/><G126/><T90/><D90/><U39/><AGARI ba="0,0" hai="6,10,13,22,24,28,39,40,41,45,47,49,92,93" machi="39" ten="20,2700,0" yaku="0,1,7,1,52,1" doraHai="23" who="1" fromWho="1" sc="230,-7,276,27,233,-7,261,-13" owari="223,-28.0,303,40.0,226,-17.0,248,5.0" /></mjloggm>