<mjloggm ver="2.3"><GO type="169" lobby="0"/><UN n0="%E3%83%9E%E3%83%9E%E3%83%AC%E3%83%BC%E3%83%89%E7%94%B7" n1="%2A%72%61%79" n2="%E3%81%AE%E3%81%AF%E3%81%A3%E3%81%A1" n3="%E5%B8%B0%E3%82%8A%E3%81%9F%E3%81%84%E3%80%82" dan="16,16,16,16" rate="2062.57,2151.76,2085.96,2138.67" sx="M,F,M,M"/><TAIKYOKU oya="0"/><INIT seed="0,0,0,2,4,134" ten="250,250,250,250" oya="0" hai0="28,75,38,88,69,29,107,114,62,67,81,93,21" hai1="76,4,94,26,49,116,33,22,32,5,43,95,112" hai2="7,98,77,25,64,86,106,129,122,65,128,132,6" hai3="51,0,24,9,23,91,55,18,131,17,111,99,102"/><T59/><D114/><U13/><E49/><V27/><F77/><W14/><G111/><T110/><D107/><U108/><E76/><V58/><F86/><W130/><G0/><T90/><D38/><U20/><E43/><V1/><F132/><W41/><G41/><T44/><D110/><U37/><E37/><V54/><F122/><W36/><G36/><T85/><D44/><U118/><E108/><V8/><F6/><N who="1" m="2665" /><E95/><V48/><F106/><W15/><G91/><T83/><D75/><U30/><E94/><V84/><F98/><W104/><REACH who="3" step="1"/><G24/><REACH who="3" ten="250,250,250,240" step="2"/><N who="0" m="16399" /><D69/><U79/><E79/><V71/><F25/><W123/><G123/><T78/><D29/><U56/><E112/><V70/><F27/><W45/><AGARI ba="0,1" hai="9,14,15,17,18,23,45,51,55,99,102,104,130,131" machi="45" ten="30,2000,0" yaku="1,1,0,1,53,0" doraHai="134" doraHaiUra="74" who="3" fromWho="3" sc="250,-10,250,-5,250,-5,240,30" /><INIT seed="1,0,0,2,0,10" ten="240,245,245,270" oya="1" hai0="121,33,39,57,131,1,64,63,42,13,37,70,47" hai1="132,4,117,17,72,52,48,54,97,130,6,103,99" hai2="114,36,28,107,128,16,45,123,40,25,95,31,100" hai3="20,113,79,59,34,67,118,19,24,84,111,77,32"/><U46/><E72/><V96/><F123/><W122/><G113/><T87/><D1/><U75/><E75/><V26/><F128/><W115/><G115/><T135/><D33/><U82/><E117/><V56/><F114/><W3/><G122/><T91/><D131/><U7/><E130/><V61/><F107/><W71/><G71/><T18/><D135/><U12/><E132/><V73/><F73/><W35/><G3/><T93/><D121/><U44/><E82/><V50/><F36/><W43/><G111/><T80/><D37/><U8/><E103/><V21/><REACH who="2" step="1"/><F25/><REACH who="2" ten="240,245,235,270" step="2"/><W14/><G24/><T124/><D124/><U126/><E126/><V101/><F101/><W65/><G118/><T98/><D70/><U134/><E134/><V15/><F15/><W112/><G14/><T58/><D58/><U89/><E89/><V109/><F109/><W110/><G59/><T62/><D57/><U49/><AGARI ba="0,1" hai="4,6,7,8,12,17,44,46,48,49,52,54,97,99" machi="49" ten="30,12000,1" yaku="0,1,9,1,8,1,52,1,54,1" doraHai="10" who="1" fromWho="1" sc="240,-40,245,130,235,-40,270,-40" /><INIT seed="1,1,0,1,4,78" ten="200,375,195,230" oya="1" hai0="15,13,120,32,101,89,88,4,99,98,109,126,79" hai1="44,97,93,127,69,92,46,135,128,65,105,5,14" hai2="106,9,12,125,19,72,27,7,121,133,94,73,55" hai3="56,115,118,119,132,33,107,116,110,20,21,68,16"/><U26/><E69/><V61/><F121/><W71/><G115/><T59/><D32/><U37/><E65/><V3/><F106/><W123/><G123/><T87/><D120/><U129/><E26/><V45/><F125/><W18/><G107/><T70/><D70/><N who="3" m="26665" /><G33/><T49/><D109/><U100/><E14/><N who="0" m="5129" /><D101/><U103/><E5/><V86/><F133/><W117/><G110/><T40/><D4/><U85/><E44/><V39/><F39/><W47/><G56/><T91/><D126/><U95/><E46/><V28/><F86/><W54/><G132/><T29/><D29/><U114/><E37/><V131/><F94/><N who="1" m="36457" /><E135/><V58/><F45/><W64/><G64/><T53/><D40/><U10/><E10/><V134/><F134/><W34/><G34/><T67/><D67/><U25/><E127/><V124/><F124/><W84/><G84/><T57/><D59/><U24/><E114/><V74/><F74/><W60/><G119/><T113/><D113/><U62/><E103/><V36/><F36/><W2/><G2/><T130/><D130/><N who="1" m="50283" /><E105/><V82/><F131/><W1/><G1/><T111/><D111/><U76/><E85/><V48/><F3/><W42/><G54/><T102/><D102/><U90/><E100/><V23/><F73/><W96/><G116/><T112/><D112/><U8/><E8/><V50/><F7/><W83/><G117/><T11/><D11/><U77/><E97/><V6/><F6/><W52/><G47/><T17/><D17/><U43/><E43/><V63/><F63/><W66/><G66/><T31/><BYE who="3" /><D31/><RYUUKYOKU ba="1,0" sc="200,15,375,-15,195,15,230,-15" hai0="49,53,57,79,87,88,89,91,98,99" hai2="9,12,19,23,27,28,48,50,55,58,61,72,82" /><INIT seed="2,2,0,4,0,23" ten="215,360,210,215" oya="2" hai0="53,68,33,40,2,119,110,95,73,36,114,82,122" hai1="123,16,129,100,28,19,99,22,7,113,86,98,60" hai2="105,61,74,57,84,111,58,52,97,9,96,34,120" hai3="91,89,25,48,71,13,62,109,5,32,103,24,127"/><V101/><F120/><UN n3="%E5%B8%B0%E3%82%8A%E3%81%9F%E3%81%84%E3%80%82" /><W31/><G109/><T29/><RYUUKYOKU type="yao9" ba="2,0" sc="215,0,360,0,210,0,215,0" hai0="2,29,33,36,40,53,68,73,82,95,110,114,119,122" /><INIT seed="2,3,0,3,5,34" ten="215,360,210,215" oya="2" hai0="116,107,9,133,98,103,31,114,118,99,68,102,124" hai1="65,15,130,56,6,35,39,96,97,8,38,40,61" hai2="112,69,24,76,89,95,132,52,50,47,123,67,54" hai3="91,16,14,110,12,1,73,106,121,25,2,20,57"/><V88/><F112/><W109/><G73/><T79/><D68/><U42/><E35/><V36/><F123/><W82/><G106/><N who="0" m="63831" /><D31/><U7/><E130/><V134/><F76/><W21/><G121/><T53/><D53/><U127/><E127/><V32/><F36/><W45/><G45/><T135/><D9/><U0/><E0/><N who="3" m="106" /><G57/><T17/><D17/><N who="1" m="8423" /><E38/><V70/><F54/><W66/><G66/><T46/><D46/><U62/><E62/><V41/><F41/><N who="1" m="15977" /><E39/><V129/><F89/><W131/><G131/><T100/><D124/><U105/><E105/><V37/><F37/><W115/><G115/><T94/><D114/><U23/><E23/><V80/><F80/><W101/><G101/><T19/><D19/><U26/><E26/><V4/><F4/><AGARI ba="3,0" hai="4,6,7,56,61,65,96,97" m="15977,8423" machi="4" ten="30,1000,0" yaku="8,1" doraHai="34" who="1" fromWho="2" sc="215,0,360,19,210,-19,215,0" /><INIT seed="3,0,0,5,0,70" ten="215,379,191,215" oya="3" hai0="1,107,20,50,23,16,123,83,8,79,17,67,60" hai1="100,135,4,82,111,65,48,117,119,7,27,54,76" hai2="13,71,69,59,3,5,126,41,49,31,101,0,2" hai3="40,102,18,90,28,42,127,108,120,92,62,25,114"/><W58/><G114/><T44/><D123/><U34/><E100/><V116/><F116/><N who="1" m="44617" /><E65/><V22/><F126/><W46/><G120/><T97/><D1/><U12/><E54/><V128/><F128/><W19/><G127/><T51/><D8/><U80/><E80/><V37/><F101/><W132/><G132/><T68/><BYE who="3" /><D107/><U10/><E48/><V96/><F96/><W87/><G87/><T53/><D97/><U26/><E82/><V104/><F104/><W61/><G61/><UN n3="%E5%B8%B0%E3%82%8A%E3%81%9F%E3%81%84%E3%80%82" /><T75/><D20/><U33/><E76/><V109/><F5/><N who="1" m="2121" /><E111/><V118/><F109/><W24/><G24/><N who="1" m="9258" /><E135/><V94/><F118/><W89/><G102/><T78/><D23/><U55/><E55/><V66/><F22/><N who="3" m="15415" /><G108/><T91/><D78/><U74/><E74/><V72/><F49/><N who="3" m="26823" /><G42/><T85/><D50/><U77/><E77/><V134/><F41/><W63/><G63/><T11/><D75/><U9/><E12/><V86/><F13/><W112/><G90/><T113/><D79/><U32/><AGARI ba="0,0" hai="9,10,32,33,34" m="9258,2121,44617" machi="32" ten="40,8000,1" yaku="28,2,12,1,34,2" doraHai="70" who="1" fromWho="1" sc="215,-20,379,80,191,-20,215,-40" /><INIT seed="4,0,0,3,2,64" ten="195,459,171,175" oya="0" hai0="102,36,106,66,41,97,25,90,11,89,16,12,13" hai1="95,88,84,34,26,113,23,17,60,50,119,125,116" hai2="28,71,19,37,53,85,24,129,31,27,9,87,114" hai3="40,68,58,63,15,76,80,86,73,131,124,72,29"/><T46/><D25/><U45/><E125/><V127/><F37/><W33/><G124/><T133/><D133/><U75/><E75/><V30/><F71/><W128/><G40/><T57/><D66/><U107/><E107/><V121/><F121/><W56/><G68/><T79/><D57/><U123/><E113/><V111/><F111/><W49/><G49/><T105/><D106/><U48/><E48/><V3/><F3/><W62/><G15/><T2/><D2/><U110/><E110/><V43/><F129/><N who="3" m="49739" /><G29/><T44/><D79/><U94/><E34/><V103/><F114/><W109/><G33/><T47/><D47/><U96/><E60/><N who="3" m="23082" /><G109/><T99/><D99/><U61/><E61/><V98/><F43/><W82/><G73/><T126/><D126/><U112/><E123/><V92/><F53/><W35/><G35/><T51/><REACH who="0" step="1"/><D13/><REACH who="0" ten="185,459,171,175" step="2"/><U81/><E112/><V14/><F127/><W132/><G132/><T59/><D59/><U135/><E135/><V8/><F24/><W5/><G56/><T52/><AGARI ba="0,1" hai="11,12,16,36,41,44,46,51,52,89,90,97,102,105" machi="52" ten="20,18000,2" yaku="1,1,0,1,7,1,54,2,53,2" doraHai="64" doraHaiUra="42" who="0" fromWho="0" sc="185,190,459,-60,171,-60,175,-60" /><INIT seed="4,1,0,4,1,25" ten="375,399,111,115" oya="0" hai0="23,128,79,6,39,13,130,65,44,125,12,88,127" hai1="118,108,92,3,84,103,75,72,22,30,93,133,97" hai2="35,54,119,60,24,95,47,69,9,8,122,57,58" hai3="18,1,52,66,101,81,131,112,11,45,21,33,94"/><T67/><D79/><U32/><E22/><V100/><F122/><W74/><G112/><T41/><D6/><U102/><E32/><V36/><F119/><W76/><G33/><T28/><D12/><U50/><E50/><V73/><F73/><N who="1" m="28233" /><E3/><V46/><F69/><W34/><G34/><T5/><D5/><U121/><E30/><V89/><F100/><W56/><G131/><N who="0" m="50219" /><D13/><U90/><E108/><V83/><F83/><W82/><G82/><T132/><D23/><U134/><E118/><V98/><F58/><W96/><G45/><T27/><D27/><U116/><E116/><V78/><F78/><W64/><G11/><T20/><D20/><U42/><E42/><V91/><F91/><W87/><G74/><T99/><D28/><U53/><E53/><V106/><F106/><W14/><REACH who="3" step="1"/><G1/><REACH who="3" ten="375,399,111,105" step="2"/><T7/><D44/><U123/><E123/><V62/><F46/><W63/><AGARI ba="1,1" hai="14,18,21,52,56,63,64,66,76,81,87,94,96,101" machi="63" ten="20,12000,2" yaku="1,1,2,1,0,1,7,1,8,1,54,1,53,1" doraHai="25" doraHaiUra="15" who="3" fromWho="3" sc="375,-61,399,-31,111,-31,105,133" /><INIT seed="5,0,0,2,2,80" ten="314,368,80,238" oya="1" hai0="19,87,111,112,2,63,32,98,21,34,28,103,59" hai1="73,134,100,24,25,27,92,122,106,125,119,124,15" hai2="0,94,46,16,17,66,9,128,76,64,52,121,26" hai3="68,30,116,3,29,50,85,13,40,114,69,42,88"/><U55/><E55/><V81/><F121/><W58/><G3/><T77/><D2/><U126/><E92/><V127/><F128/><W23/><G114/><T78/><D111/><U37/><E100/><V65/><F127/><W33/><G69/><T61/><D112/><U99/><E99/><V11/><F94/><N who="3" m="54543" /><G33/><T108/><D28/><N who="3" m="10857" /><G68/><T104/><D61/><U5/><E37/><V48/><F0/><W129/><G116/><T82/><D77/><U101/><E101/><V84/><F26/><N who="1" m="10345" /><E73/><V56/><F46/><W36/><G36/><T71/><D108/><U102/><E102/><V60/><F48/><W31/><G31/><T72/><D71/><U91/><E91/><V107/><F107/><W62/><G129/><T75/><D75/><U10/><E106/><V6/><F6/><W120/><G120/><T35/><D72/><U83/><E83/><V117/><F117/><W4/><G50/><T79/><D79/><U57/><E122/><V135/><F135/><W1/><G1/><T93/><D104/><U14/><E119/><V43/><F43/><W18/><G4/><T38/><D38/><U95/><E134/><V123/><F123/><W49/><G49/><T115/><D115/><U47/><E126/><V54/><F54/><AGARI ba="0,0" hai="13,18,23,40,42,54,58,62" m="10857,54543" machi="54" ten="30,3900,0" yaku="8,1,52,1,54,1" doraHai="80" who="3" fromWho="2" sc="314,0,368,0,80,-39,238,39" /><INIT seed="6,0,0,2,3,92" ten="314,368,41,277" oya="2" hai0="11,64,4,108,86,60,110,44,97,93,37,118,51" hai1="7,70,9,69,77,73,103,3,126,16,105,43,18" hai2="120,50,24,34,10,53,42,71,0,116,82,112,128" hai3="19,87,57,119,21,101,114,74,39,23,104,27,91"/><V30/><F116/><W115/><G74/><T20/><D118/><U102/><E102/><V131/><F120/><W22/><G39/><T96/><D37/><U58/><E58/><V26/><F71/><W122/><G122/><T35/><D35/><U113/><E18/><V133/><F112/><N who="3" m="43051" /><G119/><T5/><D5/><U125/><E16/><V123/><F123/><W52/><G101/><T79/><D20/><U135/><E43/><V48/><F133/><W61/><G104/><T14/><D108/><U33/><E33/><V132/><F132/><W55/><G55/><T62/><D110/><U78/><E78/><V25/><F82/><AGARI ba="0,0" hai="19,21,22,23,27,52,57,61,82,87,91" m="43051" machi="82" ten="30,3900,0" yaku="15,1,11,1,54,1" doraHai="92" who="3" fromWho="2" sc="314,0,368,0,41,-39,277,39" /><INIT seed="7,0,0,3,2,26" ten="314,368,2,316" oya="3" hai0="0,25,61,92,125,78,75,110,7,28,91,10,129" hai1="117,68,131,112,46,55,38,81,135,103,16,53,6" hai2="2,105,35,51,34,27,94,31,5,39,24,33,114" hai3="134,101,72,54,63,22,52,96,104,90,40,108,74"/><W4/><G134/><T102/><D125/><U127/><E16/><V50/><F39/><W70/><G108/><T30/><D110/><U132/><E103/><V77/><F105/><W120/><G120/><T62/><D102/><U36/><E6/><V99/><F114/><W23/><G40/><T58/><D129/><U111/><E111/><V121/><F77/><W123/><G123/><T97/><D62/><U32/><E32/><V115/><F115/><W43/><G43/><T113/><D113/><U42/><E81/><V14/><F121/><W65/><G4/><T98/><D97/><U87/><E87/><V84/><F84/><W73/><REACH who="3" step="1"/><G90/><REACH who="3" ten="314,368,2,306" step="2"/><T57/><D57/><U18/><E112/><V109/><F109/><W49/><G49/><T79/><D75/><U133/><E36/><V59/><F59/><W85/><G85/><T82/><D82/><U89/><E89/><N who="2" m="55759" /><F2/><W1/><G1/><T71/><D71/><U88/><E88/><V19/><F5/><W60/><G60/><T47/><D47/><U12/><E68/><V76/><F76/><W122/><G122/><T64/><REACH who="0" step="1"/><D28/><REACH who="0" ten="304,368,2,306" step="2"/><U9/><E131/><V128/><F128/><W3/><G3/><T45/><D45/><U67/><E46/><V15/><F51/><W119/><G119/><T17/><D17/><U118/><E38/><V13/><F50/><W83/><G83/><T37/><D37/><U20/><E118/><V48/><F48/><W69/><G69/><T29/><D29/><U86/><E117/><V95/><F95/><W41/><G41/><T124/><D124/><U80/><E127/><RYUUKYOKU ba="0,2" sc="304,10,368,-30,2,10,306,10" hai0="0,7,10,25,30,58,61,64,78,79,91,92,98" hai2="13,14,15,19,24,27,31,33,34,35" hai3="22,23,52,54,63,65,70,72,73,74,96,101,104" /><INIT seed="7,1,2,1,4,45" ten="314,338,12,316" oya="3" hai0="111,102,100,62,32,20,108,18,80,23,13,57,27" hai1="48,129,24,98,17,43,124,103,116,49,59,51,25" hai2="33,5,55,106,42,9,21,135,34,19,86,93,97" hai3="44,36,104,107,65,92,88,11,87,41,1,60,113"/><W89/><G113/><T77/><D32/><U81/><E124/><V127/><F127/><W126/><G126/><T38/><D38/><U131/><E43/><V71/><F135/><W56/><REACH who="3" step="1"/><G89/><REACH who="3" ten="314,338,12,306" step="2"/><T8/><D108/><U125/><E125/><V50/><F71/><W115/><G115/><T2/><D111/><U75/><E131/><V12/><F42/><W121/><G121/><T47/><D2/><U101/><E129/><V78/><F106/><W123/><G123/><T90/><D90/><U67/><E116/><V52/><F55/><W82/><G82/><T53/><D47/><U105/><E81/><V79/><F34/><W119/><G119/><T31/><D23/><U133/><E133/><V72/><F33/><W16/><G16/><T94/><D94/><U117/><E17/><V28/><F28/><W118/><G118/><T91/><D91/><U85/><E117/><V76/><F72/><AGARI ba="1,3" hai="8,13,18,20,27,31,53,57,62,72,77,80,100,102" machi="72" ten="30,1000,0" yaku="7,1" doraHai="45" who="0" fromWho="2" sc="314,43,338,0,12,-13,306,0" owari="357,45.0,338,14.0,-1,-50.0,306,-9.0" /></mjloggm>