<mjloggm ver="2.3"><GO type="169" lobby="0"/><UN n0="%E3%81%AE%E3%81%AF%E3%81%A3%E3%81%A1" n1="%6B%6F%6D%69" n2="%E7%9B%9B%E5%B2%A1%E3%81%AE%E3%83%AA%E3%83%BC%E3%83%81%E8%B6%85%E4%BA%BA" n3="%78%78%62%6D%6D" dan="16,16,16,16" rate="2065.17,2083.79,2166.22,2136.32" sx="M,M,M,M"/><TAIKYOKU oya="0"/><INIT seed="0,0,0,3,1,30" ten="250,250,250,250" oya="0" hai0="23,9,99,12,70,107,54,78,83,51,66,41,45" hai1="75,110,36,109,116,67,64,3,42,123,49,82,43" hai2="20,111,133,34,2,13,14,134,7,81,62,55,28" hai3="124,37,65,102,46,90,132,131,114,94,50,59,61"/><T79/><D107/><U106/><E3/><V32/><F81/><W22/><G114/><T38/><D99/><U76/><E116/><V118/><F62/><W93/><G124/><T33/><D23/><U16/><E123/><V25/><F55/><W121/><G132/><N who="2" m="50793" /><F118/><W97/><G131/><T24/><D24/><U73/><E106/><V126/><F111/><N who="1" m="42505" /><E75/><V129/><F129/><W72/><G72/><T95/><D95/><U63/><E36/><V104/><F104/><W85/><G121/><T120/><D120/><U77/><E77/><V0/><F126/><W119/><G37/><T4/><D33/><N who="2" m="12906" /><F2/><W57/><G119/><T101/><D83/><U40/><E63/><V21/><F21/><W127/><G127/><T58/><D101/><U113/><E113/><V68/><F68/><W122/><G122/><T8/><D9/><AGARI ba="0,0" hai="0,7,9,13,14,20,25,28" m="12906,50793" machi="9" ten="30,12000,2" yaku="20,1,34,2,52,3" doraHai="30" who="2" fromWho="0" sc="250,-120,250,0,250,120,250,0" /><INIT seed="1,0,0,2,3,105" ten="130,250,370,250" oya="1" hai0="38,16,67,66,73,94,15,81,50,18,75,102,52" hai1="2,130,45,78,34,5,98,39,41,11,54,62,30" hai2="70,58,17,95,106,14,116,57,129,133,19,69,117" hai3="110,28,51,56,8,128,123,6,36,10,91,103,33"/><U112/><E112/><V44/><F106/><W134/><G36/><T100/><D38/><U135/><E130/><V122/><F14/><W124/><G123/><T89/><D66/><U4/><E135/><V59/><F95/><W115/><G115/><T47/><D67/><U132/><E132/><V76/><F133/><W46/><G103/><N who="0" m="39467" /><D18/><U120/><E120/><V68/><F76/><W13/><G28/><T12/><D12/><U65/><E98/><V97/><F97/><W40/><G33/><T35/><D94/><U71/><E5/><V125/><F129/><W32/><G32/><T77/><D77/><U85/><E30/><V21/><F122/><W83/><G13/><T119/><D119/><U92/><E34/><V82/><F68/><W37/><G6/><T64/><D64/><U84/><E92/><V63/><F69/><W53/><G37/><T24/><D24/><U131/><E131/><V27/><F70/><W127/><G128/><T29/><D29/><U113/><E113/><V26/><F26/><W60/><G134/><T42/><D42/><U49/><REACH who="1" step="1"/><E78/><REACH who="1" ten="130,240,370,250" step="2"/><V1/><F116/><W23/><G124/><T80/><D35/><U88/><E88/><V118/><F125/><W55/><G91/><T121/><D121/><U96/><E96/><V87/><F117/><W9/><G127/><T111/><D111/><U7/><E7/><V48/><F118/><W114/><G110/><T61/><D81/><U126/><E126/><V79/><F82/><W0/><G83/><T43/><D80/><U101/><E101/><V90/><F79/><W99/><G114/><RYUUKYOKU ba="0,1" sc="130,-10,240,30,370,-10,250,-10" hai1="2,4,11,39,41,45,49,54,62,65,71,84,85" /><INIT seed="1,1,1,4,1,55" ten="120,270,360,240" oya="1" hai0="6,87,38,114,95,110,91,130,112,86,4,13,10" hai1="44,97,68,92,23,85,41,124,135,99,1,15,126" hai2="125,88,59,70,58,39,115,67,37,123,131,51,17" hai3="57,90,121,102,77,52,100,127,45,116,3,120,74"/><U50/><E135/><V42/><F123/><W32/><G32/><T98/><D38/><U48/><E1/><V64/><F17/><W43/><G3/><T11/><D110/><U129/><E68/><V134/><F134/><W103/><G127/><N who="1" m="48682" /><E129/><V2/><F125/><W63/><G116/><T47/><D130/><U73/><E73/><V53/><F2/><W9/><G9/><T14/><REACH who="0" step="1"/><D47/><REACH who="0" ten="110,270,360,240" step="2"/><U119/><E119/><V40/><F131/><W60/><G121/><T24/><D24/><U28/><E44/><V71/><F115/><AGARI ba="1,2" hai="4,6,10,11,13,14,86,87,91,95,98,112,114,115" machi="115" ten="40,2600,0" yaku="1,1,9,1,53,0" doraHai="55" doraHaiUra="117" who="0" fromWho="2" sc="110,49,270,0,360,-29,240,0" /><INIT seed="2,0,0,0,1,63" ten="159,270,331,240" oya="2" hai0="49,39,105,115,16,13,120,65,84,19,17,22,43" hai1="134,3,28,14,135,83,21,41,123,124,131,59,26" hai2="127,90,20,45,53,101,71,106,67,108,56,31,27" hai3="118,111,132,75,122,109,24,69,62,47,48,114,110"/><V40/><F127/><W42/><G75/><T58/><D120/><U82/><E3/><V4/><F108/><W11/><G122/><T92/><D115/><U93/><E123/><V126/><F126/><W104/><G104/><T30/><D105/><U68/><E68/><V130/><F130/><W112/><G11/><T64/><D39/><U133/><E131/><V107/><F4/><W66/><G24/><N who="0" m="16663" /><D13/><U10/><E124/><V44/><F90/><W121/><G121/><T29/><D29/><U91/><E41/><V25/><F25/><W46/><G118/><T50/><D43/><U81/><E59/><V96/><F106/><W125/><G125/><T2/><D2/><U33/><E33/><V113/><F113/><N who="3" m="43627" /><G47/><T0/><D0/><U76/><E76/><V77/><F77/><W70/><G70/><T103/><D84/><N who="1" m="50591" /><E93/><V57/><F71/><W72/><G72/><T52/><D49/><U85/><E85/><V35/><F35/><W8/><G8/><T36/><D36/><U95/><E95/><N who="2" m="58527" /><F40/><W116/><G116/><T87/><D87/><U1/><E1/><V23/><F107/><W97/><G97/><AGARI ba="0,0" hai="16,17,19,50,52,58,64,65,92,97,103" m="16663" machi="97" ten="30,8000,1" yaku="8,1,52,2,54,2" doraHai="63" who="0" fromWho="3" sc="159,80,270,0,331,0,240,-80" /><INIT seed="3,0,0,5,1,51" ten="239,270,331,160" oya="3" hai0="18,55,35,78,32,34,103,106,134,104,33,52,45" hai1="96,24,115,12,29,91,94,56,36,131,101,31,93" hai2="68,99,100,84,69,63,111,126,114,89,113,117,132" hai3="87,82,81,135,42,88,74,41,20,124,65,19,59"/><W64/><G124/><T37/><D78/><U50/><E36/><V102/><F117/><W83/><G135/><T73/><D73/><U53/><E131/><V70/><F126/><W90/><G74/><T0/><D134/><U44/><E115/><V46/><F132/><W108/><G108/><T61/><D0/><U119/><E119/><V17/><F111/><W80/><G90/><T86/><D32/><U127/><E127/><V120/><F120/><W110/><G110/><T25/><D86/><U28/><E12/><V39/><F17/><W10/><G10/><T112/><D112/><U16/><E16/><V7/><F7/><W71/><G71/><T107/><D103/><U85/><REACH who="1" step="1"/><E44/><REACH who="1" ten="239,260,331,160" step="2"/><V118/><F46/><W76/><G76/><T43/><REACH who="0" step="1"/><D61/><REACH who="0" ten="229,260,331,160" step="2"/><U48/><E48/><V14/><F63/><N who="3" m="38015" /><G65/><T67/><D67/><U4/><E4/><V133/><F113/><W75/><G75/><T5/><D5/><U130/><E130/><V97/><F114/><W122/><G122/><T11/><D11/><U23/><AGARI ba="0,2" hai="23,24,28,29,31,50,53,56,85,91,93,94,96,101" machi="23" ten="20,8000,1" yaku="1,1,0,1,7,1,8,1,52,1,53,0" doraHai="51" doraHaiUra="66" who="1" fromWho="1" sc="229,-20,260,100,331,-20,160,-40" /><INIT seed="4,0,0,4,1,25" ten="209,360,311,120" oya="0" hai0="103,8,126,127,82,37,46,45,2,7,117,5,48" hai1="19,44,6,101,16,129,52,102,85,109,15,23,75" hai2="55,21,119,86,105,4,50,29,91,121,124,80,31" hai3="132,13,95,79,81,74,36,98,40,56,128,94,57"/><T71/><D117/><U90/><E109/><V65/><F121/><W104/><G128/><T22/><D71/><U58/><E75/><V51/><F119/><W115/><G115/><T12/><D103/><U118/><E129/><V20/><F105/><W68/><G68/><T42/><D22/><N who="2" m="8810" /><F4/><W11/><G104/><T108/><D108/><U47/><E19/><V116/><F116/><W1/><G95/><T130/><D130/><U34/><E34/><V113/><F113/><W63/><G63/><T114/><D114/><U83/><E118/><V53/><F65/><W110/><G132/><T67/><D67/><U0/><E0/><V135/><F124/><W84/><G74/><T66/><D66/><U3/><E6/><V28/><F135/><W61/><G1/><T76/><D12/><U27/><E15/><V112/><F112/><W10/><G110/><T59/><D59/><U111/><E3/><V60/><F55/><W106/><G106/><T14/><D5/><U32/><E32/><V123/><F123/><W26/><G26/><T122/><D122/><U88/><E111/><V99/><F99/><W24/><G24/><T120/><D120/><U49/><E90/><V64/><F64/><W89/><G61/><T38/><D38/><U87/><E87/><V77/><F91/><W134/><G134/><T78/><D78/><U18/><E18/><V35/><F35/><W39/><G11/><T133/><D133/><U73/><E73/><V17/><F17/><N who="3" m="8375" /><G36/><T9/><D9/><U107/><E107/><V131/><F131/><W70/><G70/><T93/><D2/><RYUUKYOKU ba="0,0" sc="209,-30,360,10,311,10,120,10" hai1="16,23,27,44,47,49,52,58,83,85,88,101,102" hai2="28,29,31,50,51,53,60,77,80,86" hai3="39,40,56,57,79,81,84,89,94,98" /><INIT seed="5,1,0,1,4,74" ten="179,370,321,130" oya="1" hai0="128,135,15,36,111,84,87,23,9,52,56,127,119" hai1="134,95,75,70,115,65,104,110,97,92,1,71,0" hai2="103,19,13,66,89,116,133,130,93,73,64,40,38" hai3="43,54,26,41,106,105,102,88,14,47,82,101,90"/><U112/><E134/><V121/><F116/><W72/><G26/><T32/><D111/><U12/><E12/><V51/><F121/><W108/><G108/><T62/><D119/><U42/><E110/><V107/><F38/><W29/><G29/><T91/><D32/><U45/><E75/><V125/><F130/><W17/><G54/><T11/><D36/><U67/><E45/><V33/><F33/><W27/><G27/><T83/><D127/><U24/><E24/><V7/><F125/><W59/><G59/><T6/><D135/><U57/><E57/><V49/><F7/><W120/><G120/><T124/><D128/><U113/><E97/><V94/><F107/><W22/><G43/><T109/><D109/><U46/><E46/><N who="2" m="25799" /><F73/><W63/><G63/><T34/><D34/><U86/><E104/><V85/><F51/><W69/><G69/><T78/><D124/><U126/><E126/><V117/><F117/><W79/><G106/><T31/><D31/><U48/><E48/><V3/><F3/><W81/><G105/><T68/><D68/><U76/><E115/><V123/><F123/><W118/><G118/><T5/><D23/><U16/><E1/><V58/><F58/><W114/><G114/><T77/><D87/><U8/><E0/><AGARI ba="1,0" hai="0,5,6,9,11,15,52,56,62,77,78,83,84,91" machi="0" ten="30,7700,0" yaku="7,1,52,2,54,1" doraHai="74" who="0" fromWho="1" sc="179,80,370,-80,321,0,130,0" /><INIT seed="6,0,0,1,2,112" ten="259,290,321,130" oya="2" hai0="122,106,63,84,134,58,57,1,66,26,83,74,111" hai1="50,39,73,125,18,35,4,0,10,81,92,88,7" hai2="121,118,96,135,104,119,27,31,22,105,100,24,60" hai3="102,20,109,123,44,131,115,49,75,110,61,53,32"/><V3/><F121/><W21/><G32/><T67/><D111/><U133/><E39/><V37/><F3/><W47/><G123/><T78/><D134/><U108/><E133/><V54/><F135/><W29/><G75/><T9/><D122/><U130/><E108/><V12/><F37/><W52/><G115/><T17/><D106/><U64/><E35/><V72/><F72/><W19/><G102/><T98/><D98/><U117/><E117/><V80/><F80/><W34/><G34/><T56/><D74/><U129/><E125/><V69/><F104/><W13/><G131/><N who="1" m="50186" /><E64/><V114/><F12/><W45/><G110/><T87/><D87/><U76/><E50/><V94/><F105/><W48/><G109/><T59/><D1/><U99/><E18/><V93/><F114/><W43/><G61/><N who="0" m="38183" /><D9/><U120/><E7/><V16/><F94/><W6/><G6/><T14/><D14/><U91/><E120/><V51/><F60/><W33/><G33/><T55/><D67/><U126/><E126/><V70/><F70/><W101/><G101/><AGARI ba="0,0" hai="0,4,10,73,76,81,88,91,92,99,101" m="50186" machi="101" ten="30,2000,0" yaku="19,1,54,1" doraHai="112" who="1" fromWho="3" sc="259,0,290,20,321,0,130,-20" /><INIT seed="7,0,0,2,2,128" ten="259,310,321,110" oya="3" hai0="35,59,2,15,92,55,83,63,99,11,41,135,134" hai1="97,5,20,12,133,42,104,93,77,64,90,60,119" hai2="62,124,18,40,4,21,48,7,30,89,110,51,8" hai3="73,130,45,69,113,1,36,32,46,61,6,114,70"/><W123/><G73/><T9/><D35/><U67/><E133/><N who="0" m="50697" /><D41/><U53/><E119/><V127/><F110/><W87/><G123/><T101/><D2/><U132/><E132/><V107/><F107/><W0/><G130/><T76/><D15/><U105/><E77/><V82/><F62/><W65/><G32/><T23/><D23/><U13/><E42/><V103/><F103/><W108/><G108/><T22/><D22/><U122/><E122/><V79/><F30/><W49/><G36/><T19/><D19/><N who="1" m="10343" /><E104/><V106/><F106/><W47/><G70/><T81/><D81/><U78/><E105/><V80/><F40/><W34/><G34/><T75/><AGARI ba="0,0" hai="9,11,55,59,63,75,76,83,92,99,101" m="50697" machi="75" ten="30,7900,0" yaku="20,1,52,3" doraHai="128" who="0" fromWho="0" sc="259,79,310,-20,321,-20,110,-39" owari="338,44.0,290,-11.0,301,10.0,71,-43.0" /></mjloggm>