<mjloggm ver="2.3"><GO type="169" lobby="0"/><UN n0="%72%65%6E%6A%69%38%33" n1="%E5%8C%97%E5%A4%A9%E7%A5%9E%E3%81%AE%E7%94%9F%E8%8F%9C" n2="%E3%83%AC%E3%82%AA%E3%83%B3%E3%83%8F%E3%83%AB%E3%83%88" n3="%6B%69%6D%38" dan="17,16,16,19" rate="2206.44,2163.64,2109.75,2171.58" sx="M,M,M,M"/><TAIKYOKU oya="0"/><INIT seed="0,0,0,4,1,135" ten="250,250,250,250" oya="0" hai0="95,43,77,82,16,38,116,103,109,15,61,86,18" hai1="14,123,104,93,59,119,24,68,1,46,5,129,69" hai2="117,10,134,25,75,8,29,133,7,130,70,50,47" hai3="121,115,67,85,122,73,54,4,52,2,132,92,28"/><T102/><D116/><U48/><E119/><V76/><F117/><W45/><G73/><T84/><D109/><U79/><E104/><V88/><F70/><W65/><G28/><T44/><D61/><U40/><E123/><V58/><F130/><W71/><G4/><T3/><D3/><U53/><E24/><V110/><F110/><W112/><G85/><T0/><D0/><U32/><E32/><V22/><F58/><W6/><G92/><T113/><D113/><N who="3" m="43593" /><G6/><T120/><D120/><N who="3" m="46185" /><G2/><T27/><D27/><U41/><E41/><V37/><F37/><W21/><G21/><T87/><D18/><U39/><E129/><V17/><F76/><W36/><G132/><T94/><D94/><U105/><E93/><V100/><F75/><W106/><G106/><T55/><D55/><N who="3" m="21033" /><G71/><T66/><D95/><U124/><E105/><V63/><F7/><W111/><G111/><T9/><REACH who="0" step="1"/><D66/><REACH who="0" ten="240,250,250,250" step="2"/><U91/><E1/><V107/><F107/><W131/><G131/><T12/><D12/><U33/><E14/><V51/><F25/><W83/><G83/><T13/><D13/><U126/><E5/><V35/><F17/><W118/><G118/><T108/><D108/><U80/><E80/><V99/><F134/><W127/><G127/><T42/><D42/><AGARI ba="0,1" hai="36,42,45,65,67" m="21033,46185,43593" machi="42" ten="40,8000,1" yaku="13,1,34,2,54,1" doraHai="135" who="3" fromWho="0" sc="240,-80,250,0,250,0,250,90" /><INIT seed="1,0,0,2,3,55" ten="160,250,250,340" oya="1" hai0="23,41,107,124,89,5,66,81,130,19,52,58,44" hai1="82,120,99,135,32,93,74,91,111,78,126,88,118" hai2="59,123,95,17,105,92,115,90,9,45,129,25,62" hai3="127,7,106,114,113,116,10,86,31,108,36,24,134"/><U27/><E118/><V119/><F119/><W104/><G116/><T16/><D124/><U3/><E120/><V83/><F105/><W97/><G127/><T98/><D130/><U77/><E126/><V68/><F123/><W110/><G86/><T79/><D66/><U94/><E3/><V87/><F129/><W57/><G36/><T28/><D5/><U64/><E64/><V96/><F68/><W21/><G57/><T22/><D28/><U131/><E131/><V80/><F45/><W133/><G97/><T37/><D89/><U54/><E54/><V34/><F34/><W51/><G51/><T13/><D98/><N who="1" m="57639" /><E27/><V128/><F115/><N who="3" m="44043" /><G104/><T70/><D107/><U71/><E32/><V125/><F128/><W103/><G103/><T42/><D42/><U60/><E60/><V6/><F25/><W43/><G43/><T75/><D70/><U117/><E71/><V76/><F76/><N who="1" m="29289" /><E117/><V18/><F125/><W11/><G106/><T53/><REACH who="0" step="1"/><D58/><REACH who="0" ten="150,250,250,340" step="2"/><U50/><E135/><N who="3" m="51722" /><G7/><T121/><D121/><U72/><E82/><V49/><F80/><W132/><G132/><T101/><D101/><U35/><E99/><V47/><F96/><W1/><G1/><T2/><D2/><U4/><E91/><V84/><F83/><W85/><G85/><T112/><D112/><U67/><E72/><V26/><F87/><W109/><AGARI ba="0,1" hai="10,11,21,24,31,108,109,110" m="51722,44043" machi="109" ten="40,8000,1" yaku="14,1,20,1,34,2" doraHai="55" who="3" fromWho="3" sc="150,-20,250,-40,250,-20,340,90" /><INIT seed="2,0,0,1,0,55" ten="130,210,230,430" oya="2" hai0="20,45,65,109,81,68,127,105,135,76,134,86,34" hai1="18,123,99,92,53,39,11,91,15,96,72,29,126" hai2="77,59,37,88,104,114,69,23,46,26,13,111,19" hai3="110,57,66,97,79,106,102,43,129,116,108,90,71"/><V70/><F104/><W21/><G116/><T52/><D34/><U35/><E72/><V115/><F77/><W89/><G71/><T25/><D105/><U58/><E126/><V48/><F70/><W47/><G21/><T9/><D127/><U94/><E39/><V64/><F69/><W125/><G125/><T122/><D122/><U83/><E123/><V38/><F38/><W62/><G129/><T85/><D109/><N who="3" m="42089" /><G79/><T22/><D9/><U6/><E83/><V17/><F111/><W75/><G75/><T4/><D4/><U118/><E118/><V41/><F88/><W61/><G61/><N who="0" m="39983" /><D86/><U40/><E40/><V14/><F26/><W51/><AGARI ba="0,0" hai="43,47,51,57,62,66,89,90,97,102,106" m="42089" machi="51" ten="30,2000,0" yaku="14,1,52,1" doraHai="55" who="3" fromWho="3" sc="130,-5,210,-5,230,-10,430,20" /><INIT seed="3,0,0,3,3,127" ten="125,205,220,450" oya="3" hai0="92,76,82,39,78,69,37,59,133,115,65,85,107" hai1="43,79,19,83,89,3,67,94,87,14,29,11,57" hai2="73,134,116,64,4,47,106,68,49,10,95,20,25" hai3="42,118,112,104,99,32,120,36,54,61,117,58,81"/><W100/><G32/><T45/><D107/><U135/><E135/><V126/><F106/><W12/><G112/><T28/><D115/><U1/><E43/><V60/><F73/><W2/><G120/><T97/><D133/><U17/><E29/><V102/><F126/><W24/><G2/><T98/><D69/><U128/><E128/><V109/><F109/><W26/><G12/><T119/><D119/><U16/><E1/><V30/><F134/><W77/><G36/><T111/><D111/><U9/><E3/><V84/><F116/><W33/><G42/><T51/><D76/><U108/><E108/><V56/><F102/><W110/><G24/><T124/><D124/><U34/><E34/><V40/><F95/><W63/><G110/><T31/><D37/><U21/><E11/><V130/><F84/><W15/><G15/><T90/><D39/><U48/><E9/><V71/><REACH who="2" step="1"/><F130/><REACH who="2" ten="125,205,210,450" step="2"/><W70/><G81/><T132/><D132/><U103/><E103/><V13/><AGARI ba="0,1" hai="4,10,13,20,25,30,40,47,49,56,60,64,68,71" machi="13" ten="20,5200,0" yaku="1,1,2,1,0,1,7,1,53,0" doraHai="127" doraHaiUra="72" who="2" fromWho="2" sc="125,-13,205,-13,210,62,450,-26" /><INIT seed="4,0,0,1,5,27" ten="112,192,272,424" oya="0" hai0="128,37,77,135,31,38,104,65,90,39,76,1,53" hai1="45,132,62,134,129,112,118,110,109,40,106,120,2" hai2="117,22,0,123,41,34,133,113,82,59,13,4,28" hai3="14,125,69,10,30,51,50,93,68,73,20,24,96"/><T25/><D128/><U49/><E106/><V100/><F41/><W56/><G73/><T48/><D135/><N who="1" m="51755" /><E2/><V87/><F133/><W3/><G3/><T84/><D1/><U121/><E118/><V55/><F113/><W115/><G115/><T64/><D104/><U75/><E75/><V116/><F123/><N who="1" m="47177" /><E112/><V29/><F100/><W89/><G125/><T78/><D64/><U32/><E32/><V74/><F34/><W124/><G124/><T127/><D65/><U26/><E26/><V63/><F74/><W79/><G79/><T54/><D127/><U12/><E12/><V60/><F0/><W98/><G98/><T119/><D119/><U101/><E101/><V42/><F117/><W105/><G105/><T85/><D48/><U97/><E97/><V57/><F42/><W126/><G51/><T130/><D130/><U72/><E72/><V122/><F116/><W71/><G126/><T88/><D25/><U80/><E80/><V44/><F122/><W94/><G94/><T61/><D61/><U95/><E95/><V58/><F63/><W11/><G14/><T52/><REACH who="0" step="1"/><D31/><REACH who="0" ten="102,192,272,424" step="2"/><U102/><E129/><V33/><F60/><W81/><G30/><T17/><D17/><U18/><E18/><N who="2" m="10575" /><F33/><W15/><G24/><T114/><D114/><U99/><E62/><V8/><F29/><W47/><G68/><T66/><D66/><U92/><AGARI ba="0,1" hai="40,45,49,92,99,102,109,110" m="47177,51755" machi="92" ten="30,1100,0" yaku="20,1" doraHai="27" who="1" fromWho="1" sc="102,-5,192,21,272,-3,424,-3" /><INIT seed="5,0,0,5,3,34" ten="97,213,269,421" oya="1" hai0="58,112,10,123,29,93,36,63,14,131,57,111,119" hai1="104,42,32,48,85,22,39,83,47,75,129,105,125" hai2="1,91,49,135,15,66,65,88,9,50,46,117,28" hai3="12,59,7,35,99,70,52,54,89,100,37,109,128"/><U127/><E129/><V25/><F135/><W45/><G109/><T132/><D111/><U77/><E32/><V134/><F134/><W24/><G70/><T72/><D132/><U69/><E22/><V78/><F78/><W101/><G128/><T81/><D131/><U124/><E69/><V86/><F1/><W79/><G79/><T73/><D119/><U5/><E5/><V82/><F91/><W87/><G37/><T106/><D106/><U71/><E71/><V51/><F46/><W13/><G45/><T17/><D112/><U0/><E0/><V97/><F97/><W41/><G41/><T103/><D36/><U30/><E30/><V95/><F82/><W31/><G100/><T56/><D123/><U26/><E26/><V27/><F117/><W90/><G90/><T120/><D120/><U113/><E113/><V20/><REACH who="2" step="1"/><F27/><REACH who="2" ten="97,213,259,421" step="2"/><W114/><G89/><T110/><D110/><U64/><E85/><V116/><F116/><W122/><G87/><T4/><D81/><U76/><E76/><V44/><F44/><W84/><G84/><T38/><D72/><U53/><E64/><V126/><F126/><W107/><G99/><N who="0" m="59887" /><D73/><U118/><E118/><V98/><F98/><W68/><G24/><T19/><D38/><U11/><E11/><V62/><F62/><W133/><G122/><T121/><D121/><U8/><E8/><V74/><F74/><W21/><G133/><T80/><D80/><U18/><E39/><V3/><F3/><W33/><G114/><T60/><D29/><U115/><E47/><V61/><F61/><AGARI ba="0,1" hai="4,10,14,17,19,56,57,58,60,61,63" m="59887" machi="61" ten="30,1000,0" yaku="8,1" doraHai="34" who="0" fromWho="2" sc="97,20,213,0,259,-10,421,0" /><INIT seed="6,0,0,1,5,80" ten="117,213,249,421" oya="2" hai0="0,33,40,110,62,61,119,67,115,16,135,4,97" hai1="59,121,76,23,113,72,53,74,6,2,49,63,48" hai2="55,1,34,125,21,44,118,64,114,116,41,43,103" hai3="7,42,70,36,93,94,100,107,25,3,101,14,124"/><V31/><F34/><W133/><G3/><T87/><D110/><U77/><E113/><V90/><F1/><W27/><G70/><T8/><D115/><U65/><E72/><V22/><F125/><W15/><G107/><T19/><D135/><U123/><E49/><V9/><F114/><W11/><G124/><T127/><D127/><U99/><E99/><V71/><F71/><W92/><G133/><T130/><D130/><U120/><E74/><V86/><F64/><W35/><G35/><T122/><D122/><U58/><REACH who="1" step="1"/><E23/><REACH who="1" ten="117,203,249,421" step="2"/><V69/><F21/><W128/><G128/><T132/><D132/><U57/><E57/><V18/><F69/><W85/><G36/><T109/><D109/><U112/><E112/><V10/><F22/><W91/><G42/><T78/><D33/><U20/><E20/><V54/><F41/><W73/><G73/><T82/><D119/><U51/><E51/><V17/><F118/><W66/><G27/><T52/><D40/><U50/><E50/><V108/><F116/><W98/><G25/><T79/><D97/><U37/><E37/><V131/><F131/><W68/><G98/><T81/><D62/><U12/><E12/><V111/><F43/><W46/><G15/><T117/><D117/><U83/><E83/><V28/><F108/><W102/><G46/><T29/><D29/><U89/><E89/><V30/><F44/><W134/><G134/><T5/><D5/><U126/><E126/><V96/><F111/><W129/><G129/><T104/><D82/><U88/><E88/><V26/><F90/><W106/><G91/><RYUUKYOKU ba="0,1" sc="117,-10,203,30,249,-10,421,-10" hai1="2,6,48,53,58,59,63,65,76,77,120,121,123" /><INIT seed="7,1,1,3,2,126" ten="107,233,239,411" oya="3" hai0="6,71,104,96,59,83,79,113,16,49,33,74,47" hai1="15,84,94,105,80,10,101,108,78,67,44,112,93" hai2="29,91,41,125,63,117,122,20,32,92,60,87,103" hai3="133,61,70,28,127,13,34,11,135,51,5,121,128"/><W100/><G127/><T18/><D71/><U86/><E108/><V85/><F32/><W88/><G121/><T76/><D33/><U95/><E67/><V3/><F3/><W106/><G88/><T38/><D79/><U8/><E112/><V25/><F117/><W53/><G51/><T45/><D113/><U66/><E66/><V7/><F7/><W35/><G28/><T97/><D59/><U0/><E0/><V1/><F1/><W36/><G36/><T132/><D132/><U102/><E105/><V37/><F125/><W131/><G35/><T21/><D104/><U90/><E44/><V40/><F103/><N who="1" m="39433" /><E10/><V39/><F37/><W58/><G70/><T110/><D110/><U99/><E99/><N who="2" m="57759" /><F39/><W42/><G42/><N who="2" m="16489" /><F122/><W43/><G43/><T68/><D68/><U48/><E48/><V118/><F118/><W124/><G34/><T134/><D134/><N who="3" m="51209" /><G124/><T123/><D123/><U12/><E12/><V82/><F87/><W98/><AGARI ba="1,1" hai="5,11,13,53,58,61,98,100,106,128,131" m="51209" machi="98" ten="30,6000,0" yaku="20,1,52,2" doraHai="126" who="3" fromWho="3" sc="107,-21,233,-21,239,-21,411,73" owari="86,-41.0,212,-19.0,218,2.0,484,58.0" /></mjloggm>