<mjloggm ver="2.3"><GO type="169" lobby="0"/><UN n0="%E3%81%BF%E3%81%A1%E3%82%83%E3%81%8A" n1="%E4%B8%8A%E6%B5%B7%E3%83%8B%E3%83%83%E3%82%AF" n2="%E3%81%B2%E3%81%90%E3%81%A1" n3="%E9%B3%B3%E5%8D%97%E3%81%AE%E3%81%B6%E3%81%9F%E3%81%95%E3%82%93" dan="16,16,16,17" rate="2155.41,2103.67,2149.05,2235.69" sx="M,M,M,M"/><TAIKYOKU oya="0"/><INIT seed="0,0,0,0,1,33" ten="250,250,250,250" oya="0" hai0="40,5,111,107,57,77,34,18,11,102,70,123,69" hai1="23,46,125,105,55,94,42,12,30,17,50,110,129" hai2="131,87,98,100,6,28,81,3,66,37,43,95,72" hai3="106,7,89,74,51,115,21,32,68,124,48,103,16"/><T101/><D123/><U39/><E105/><V133/><F28/><W71/><G115/><T127/><D34/><U99/><E110/><V56/><F131/><W85/><G74/><T14/><D111/><U78/><E129/><V76/><F133/><W90/><G124/><T92/><D127/><U112/><E125/><V86/><F56/><W24/><G89/><T118/><D118/><U29/><E78/><V128/><F66/><W97/><G32/><T49/><D107/><U134/><E134/><V113/><F113/><W22/><G7/><T65/><D77/><U9/><E9/><V44/><F128/><W122/><G122/><T36/><D36/><U109/><E112/><V4/><F4/><W96/><G96/><T60/><D5/><U54/><E109/><V25/><F25/><W67/><G22/><T61/><D92/><U53/><REACH who="1" step="1"/><E39/><REACH who="1" ten="250,240,250,250" step="2"/><V79/><F76/><W119/><G119/><T62/><D70/><U26/><E26/><V15/><F15/><W13/><G13/><T108/><D108/><U126/><E126/><V38/><F38/><W8/><G8/><AGARI ba="0,1" hai="3,6,8,37,43,44,72,79,81,86,87,95,98,100" machi="8" ten="40,5200,0" yaku="25,2,52,1" doraHai="33" who="2" fromWho="3" sc="250,0,240,0,250,62,250,-52" /><INIT seed="1,0,0,2,3,23" ten="250,240,312,198" oya="1" hai0="126,112,27,9,119,77,48,8,58,127,111,80,83" hai1="30,64,81,10,95,79,37,18,117,72,45,121,16" hai2="6,101,116,71,63,39,99,82,133,15,78,70,114" hai3="94,35,44,132,93,12,21,86,97,100,122,26,73"/><U75/><E117/><V128/><F116/><W115/><G122/><T46/><D119/><U124/><E121/><V120/><F120/><W25/><G115/><T38/><D112/><U22/><E75/><V65/><F39/><W74/><G132/><T52/><D111/><U51/><E124/><N who="0" m="47657" /><D27/><N who="3" m="10249" /><G35/><T110/><D110/><U129/><E37/><V90/><F70/><W108/><G74/><N who="0" m="43063" /><D83/><U47/><E30/><V43/><F71/><W55/><G73/><T105/><D105/><U68/><E129/><V34/><F34/><W36/><G36/><T60/><D38/><U85/><E10/><V69/><F69/><W7/><G108/><T102/><D102/><U32/><E32/><V88/><F128/><W5/><G93/><T135/><D135/><U53/><E47/><V67/><F82/><W20/><G86/><T87/><D87/><U59/><E68/><V98/><F98/><W134/><G134/><T2/><D2/><U19/><E95/><V40/><F99/><W42/><G42/><AGARI ba="0,0" hai="8,9,42,46,48,52,58,60" m="43063,47657" machi="42" ten="30,2000,0" yaku="18,1,54,1" doraHai="23" who="0" fromWho="3" sc="250,20,240,0,312,0,198,-20" /><INIT seed="2,0,0,3,1,38" ten="270,240,312,178" oya="2" hai0="122,119,43,125,0,45,83,31,71,123,75,32,67" hai1="21,109,18,117,16,61,124,113,19,131,28,29,7" hai2="74,82,118,79,54,134,133,27,77,120,97,24,111" hai3="92,129,126,128,48,89,4,59,22,20,57,41,33"/><V112/><F112/><W84/><G33/><T90/><D125/><U108/><E61/><V15/><F118/><W68/><G68/><T65/><D119/><U63/><E63/><V44/><F120/><W13/><G126/><T85/><D0/><U55/><E55/><V46/><F97/><W51/><G4/><T2/><D2/><U95/><E117/><V25/><F79/><W81/><G81/><T94/><D31/><N who="1" m="11851" /><E124/><V37/><F111/><N who="1" m="42569" /><E95/><V116/><F116/><W70/><G70/><T3/><D3/><U114/><E7/><V60/><F15/><W99/><G13/><T100/><D32/><U9/><E131/><V6/><F6/><W58/><G99/><T105/><D71/><U40/><E40/><V39/><F60/><W34/><G34/><T73/><D67/><U98/><E98/><V69/><F69/><W17/><G41/><T66/><D66/><U76/><E76/><V72/><F54/><W56/><N who="3" m="14336" /><DORA hai="8" /><W23/><REACH who="3" step="1"/><G17/><REACH who="3" ten="270,240,312,168" step="2"/><N who="1" m="6762" /><E9/><V127/><F127/><W101/><G101/><T49/><D65/><U102/><E102/><V91/><F82/><W26/><G26/><AGARI ba="0,1" hai="19,21,26,113,114" m="6762,42569,11851" machi="26" ten="30,7700,0" yaku="14,1,34,2,54,1" doraHai="38,8" who="1" fromWho="3" sc="270,0,240,87,312,0,168,-77" /><INIT seed="3,0,0,2,2,112" ten="270,327,312,91" oya="3" hai0="106,72,125,110,88,23,108,86,94,57,37,49,11" hai1="53,128,21,2,76,58,50,117,8,42,34,126,91" hai2="10,38,14,47,74,135,79,39,43,9,29,85,59" hai3="83,22,44,17,46,98,16,13,48,54,100,134,123"/><W97/><G134/><T95/><D106/><U77/><E34/><V116/><F74/><W111/><G123/><T118/><D37/><U87/><E128/><V41/><F29/><W45/><G111/><N who="0" m="42539" /><D125/><U63/><E126/><V0/><F0/><W32/><G32/><T4/><D72/><U30/><E2/><V84/><F59/><W27/><G83/><N who="0" m="49247" /><D23/><U133/><E8/><V7/><F9/><W99/><REACH who="3" step="1"/><G100/><REACH who="3" ten="270,327,312,81" step="2"/><T35/><D35/><U52/><E133/><V73/><F135/><W1/><G1/><T115/><D115/><U90/><E77/><V56/><F79/><W127/><G127/><T120/><D120/><U51/><E76/><V15/><F73/><W71/><G71/><T20/><D4/><U40/><E91/><V122/><F7/><W81/><G81/><T78/><D78/><U101/><E101/><V19/><F122/><W68/><G68/><T3/><D3/><U12/><E90/><V64/><F38/><W124/><G124/><T24/><D95/><U130/><E130/><V70/><F70/><W65/><G65/><T89/><D94/><U69/><E69/><V132/><F64/><W31/><G31/><T104/><D89/><U28/><E30/><V105/><F39/><W33/><G33/><T102/><D102/><U129/><E28/><V66/><F66/><W92/><G92/><T60/><D104/><U55/><E129/><V61/><F105/><W62/><G62/><T107/><D60/><U103/><E63/><V109/><F61/><W36/><G36/><T67/><D107/><U119/><E103/><V121/><F109/><RYUUKYOKU ba="0,1" sc="270,-10,327,-10,312,-10,81,30" hai3="13,16,17,22,27,44,45,46,48,54,97,98,99" /><INIT seed="3,1,1,5,1,51" ten="260,317,302,111" oya="3" hai0="120,68,135,77,130,3,57,83,115,26,62,25,98" hai1="111,23,70,10,16,97,93,21,67,110,8,74,49" hai2="129,118,22,127,86,100,56,71,52,60,63,14,9" hai3="4,27,73,123,28,1,102,19,121,88,69,46,41"/><W61/><G73/><T53/><D120/><U40/><E74/><V114/><F118/><W34/><G102/><T87/><D130/><U20/><E70/><V76/><F114/><W126/><G126/><T55/><D115/><U122/><E67/><V105/><F129/><W0/><G19/><T82/><D3/><U92/><E92/><V101/><F127/><W12/><G12/><T107/><D68/><U116/><E122/><V17/><F105/><W45/><G45/><T132/><D83/><U119/><E40/><V85/><F63/><W75/><G75/><T109/><D109/><N who="1" m="41483" /><E49/><V32/><F32/><W39/><G88/><T134/><REACH who="0" step="1"/><D55/><REACH who="0" ten="250,317,302,111" step="2"/><U91/><E119/><V38/><F71/><W90/><G0/><T6/><D6/><U66/><E116/><V11/><F76/><W89/><G89/><T58/><D58/><U30/><E66/><V106/><F106/><W42/><G90/><T94/><D94/><U81/><E81/><V125/><F125/><W13/><G1/><T108/><D108/><U44/><E44/><V59/><F59/><W133/><G123/><T128/><D128/><U5/><E5/><V15/><F56/><W54/><G121/><T99/><D99/><U104/><E104/><V24/><F101/><AGARI ba="1,2" hai="25,26,53,57,62,77,82,87,98,101,107,132,134,135" machi="101" ten="40,5200,0" yaku="1,1,20,1,52,1,53,0" doraHai="51" doraHaiUra="117" who="0" fromWho="2" sc="250,75,317,0,302,-55,111,0" /><INIT seed="4,0,0,0,0,36" ten="325,317,247,111" oya="0" hai0="125,107,89,65,98,82,131,56,81,53,20,73,23" hai1="31,91,47,7,34,42,5,110,1,66,59,100,14" hai2="24,130,46,6,118,49,22,87,12,77,52,15,127" hai3="95,75,35,106,27,97,50,63,78,80,85,33,40"/><T28/><D131/><U8/><E110/><V30/><F130/><W105/><G63/><T129/><D129/><U71/><E71/><V17/><F127/><W25/><G27/><T103/><D125/><U116/><E116/><V115/><F115/><W122/><G122/><T48/><D28/><U124/><E124/><V104/><F104/><W39/><G39/><T123/><D123/><U76/><E100/><V62/><F118/><W84/><G85/><T108/><D108/><U13/><E76/><V68/><F6/><W135/><G135/><T121/><D121/><U2/><E91/><V54/><F30/><W38/><G38/><T111/><D65/><U120/><E120/><V79/><F79/><W113/><G113/><T94/><D111/><U128/><E128/><V117/><F117/><W10/><G10/><T11/><D11/><U18/><E7/><V74/><F74/><W102/><G25/><T55/><D55/><U43/><E31/><V37/><F37/><W101/><G101/><T67/><D67/><U96/><E34/><V114/><F114/><W45/><G105/><T19/><D73/><U109/><E109/><V86/><F86/><W70/><G70/><T51/><D51/><U72/><E96/><V26/><F26/><W0/><G0/><T58/><D107/><U9/><E72/><V134/><F134/><W16/><G16/><T44/><D103/><U57/><E66/><N who="2" m="41047" /><F54/><W83/><REACH who="3" step="1"/><G106/><REACH who="3" ten="325,317,247,101" step="2"/><T4/><D4/><U69/><E69/><V133/><F133/><W90/><AGARI ba="0,1" hai="33,35,40,45,50,75,78,80,83,84,90,95,97,102" machi="90" ten="20,8000,1" yaku="1,1,2,1,0,1,7,1,52,1,53,0" doraHai="36" doraHaiUra="126" who="3" fromWho="3" sc="325,-40,317,-20,247,-20,101,90" /><INIT seed="5,0,0,0,3,91" ten="285,297,227,191" oya="1" hai0="11,31,32,19,57,60,3,10,124,47,44,40,101" hai1="69,93,74,26,70,94,20,121,15,55,117,90,92" hai2="63,12,109,41,75,66,25,125,13,130,68,29,84" hai3="34,71,119,43,22,132,116,107,127,2,131,37,51"/><U89/><E117/><V16/><F75/><W35/><RYUUKYOKU type="yao9" ba="0,0" sc="285,0,297,0,227,0,191,0" hai3="2,22,34,35,37,43,51,71,107,116,119,127,131,132" /><INIT seed="5,1,0,3,2,9" ten="285,297,227,191" oya="1" hai0="113,118,13,32,27,128,35,107,71,95,85,77,135" hai1="31,34,76,40,103,123,88,1,59,29,20,26,60" hai2="17,126,94,80,25,99,46,3,102,121,56,41,39" hai3="89,18,45,134,100,49,104,14,65,115,70,7,6"/><U106/><E123/><V91/><F121/><W12/><G115/><T92/><D107/><U22/><E1/><V97/><F126/><W96/><G134/><T109/><D71/><U108/><E76/><V78/><F3/><W8/><G89/><T111/><D118/><U54/><E108/><V119/><F119/><W57/><G70/><T81/><D113/><U66/><E40/><V101/><F56/><W79/><G79/><T23/><D128/><U67/><E34/><V84/><F25/><W124/><G124/><T36/><D36/><U74/><E74/><V21/><F21/><W44/><G12/><T16/><D135/><U83/><E103/><V38/><F17/><W105/><G105/><T61/><D61/><U133/><E106/><V19/><F19/><W82/><G82/><T114/><D114/><U62/><E62/><V55/><F55/><W116/><G116/><T112/><D112/><U0/><E0/><V69/><F69/><W90/><G90/><T2/><D2/><U43/><E43/><V28/><F28/><W120/><G120/><T125/><D125/><U5/><E5/><V50/><F102/><W42/><REACH who="3" step="1"/><G44/><REACH who="3" ten="285,297,227,181" step="2"/><T58/><D13/><U4/><E133/><V33/><F78/><W122/><G122/><T10/><D77/><U48/><E4/><V110/><F80/><W73/><G73/><T51/><D81/><U93/><E83/><V63/><F91/><W15/><G15/><T131/><D109/><U53/><E88/><V72/><F110/><W129/><G129/><T86/><D131/><U24/><E93/><V37/><F94/><RYUUKYOKU ba="1,1" sc="285,-15,297,15,227,-15,181,15" hai1="20,22,24,26,29,31,48,53,54,59,60,66,67" hai3="6,7,8,14,18,42,45,49,57,65,96,100,104" /><INIT seed="5,2,1,2,3,91" ten="270,312,212,196" oya="1" hai0="23,66,120,98,64,124,57,16,79,70,119,84,45" hai1="61,67,104,80,31,24,10,74,5,19,71,110,107" hai2="87,125,86,75,88,37,2,29,73,118,131,77,123" hai3="116,21,97,39,46,83,134,105,1,78,53,50,18"/><U47/><E19/><V126/><F37/><W32/><G134/><T7/><D119/><U108/><E47/><V109/><F2/><W25/><G1/><T58/><D124/><N who="2" m="47722" /><F29/><W36/><G116/><T42/><D7/><U8/><E8/><V54/><F118/><W15/><G32/><T65/><D70/><U0/><E74/><N who="2" m="28171" /><F54/><W13/><G36/><T34/><D34/><N who="1" m="20839" /><E80/><N who="2" m="47375" /><F109/><AGARI ba="2,1" hai="0,5,10,61,67,71,104,107,108,109,110" m="20839" machi="109" ten="30,2900,0" yaku="10,1,23,1" doraHai="91" who="1" fromWho="2" sc="270,0,312,45,212,-35,196,0" /><INIT seed="5,3,0,1,1,115" ten="270,357,177,196" oya="1" hai0="93,70,79,32,51,111,49,128,43,13,126,116,68" hai1="125,33,66,120,2,9,88,18,55,104,114,16,101" hai2="87,123,0,90,12,91,8,46,113,5,48,36,98" hai3="85,130,89,106,94,129,50,26,109,92,95,134,30"/><U80/><E120/><V77/><F123/><W65/><G65/><T47/><D111/><U122/><E122/><V102/><F113/><W117/><G50/><T103/><D32/><U41/><E114/><V82/><F0/><W56/><G56/><T62/><D128/><N who="3" m="49257" /><G26/><T131/><D79/><U84/><E125/><V75/><F36/><W133/><G30/><T69/><D93/><N who="3" m="35945" /><G109/><T27/><D27/><U118/><E33/><V1/><F1/><W17/><G17/><T73/><D13/><U121/><E66/><V108/><F75/><W15/><G15/><T81/><D62/><U42/><E18/><V14/><F14/><W132/><G106/><T100/><D51/><U107/><E107/><V110/><F110/><W21/><G21/><T124/><D131/><U4/><E104/><V53/><F108/><W24/><G24/><T105/><D105/><AGARI ba="3,0" hai="5,8,12,46,48,53,77,82,87,90,91,98,102,105" machi="105" ten="30,1000,0" yaku="7,1" doraHai="115" who="2" fromWho="0" sc="270,-19,357,0,177,19,196,0" /><INIT seed="6,0,0,1,3,61" ten="251,357,196,196" oya="2" hai0="79,47,121,6,80,11,73,46,1,96,109,22,37" hai1="66,89,107,48,21,60,9,36,112,99,102,86,7" hai2="52,49,27,32,123,25,17,117,97,91,15,94,45" hai3="41,13,122,10,124,19,23,18,28,59,16,14,74"/><V64/><F117/><W84/><G74/><T133/><D109/><U39/><E112/><V78/><F123/><W51/><G124/><T53/><D121/><U58/><E21/><V69/><F78/><W114/><G122/><T40/><D133/><U113/><E48/><V43/><F32/><W29/><G114/><T77/><D77/><U131/><E131/><V34/><F34/><W120/><G120/><T63/><D96/><U71/><E71/><V135/><F135/><W30/><G84/><T98/><D98/><U87/><E87/><V50/><F64/><W12/><G59/><N who="0" m="35311" /><D22/><U119/><E119/><V100/><F69/><W8/><G23/><T110/><D110/><U128/><E128/><V3/><F3/><W5/><G5/><T70/><D47/><AGARI ba="0,0" hai="8,10,12,13,14,16,18,19,28,29,30,41,47,51" machi="47" ten="50,8000,1" yaku="29,2,8,1,54,1" doraHai="61" who="3" fromWho="0" sc="251,-80,357,0,196,0,196,80" /><INIT seed="7,0,0,2,0,10" ten="171,357,196,276" oya="3" hai0="78,28,80,52,56,32,41,48,23,69,120,7,63" hai1="87,15,46,13,24,135,31,99,96,128,58,16,8" hai2="131,97,94,36,53,20,11,25,54,85,5,101,1" hai3="130,110,43,88,104,103,49,57,106,73,129,100,98"/><W89/><G43/><T12/><D120/><U14/><E128/><N who="3" m="49258" /><G49/><T44/><D69/><U79/><E135/><V90/><F36/><W102/><G57/><T27/><D7/><U123/><E123/><V37/><F37/><W33/><G33/><T109/><D109/><U91/><E79/><V125/><F125/><W113/><G113/><T59/><D59/><U51/><E58/><V29/><F131/><W35/><G35/><T132/><D132/><U30/><E99/><V111/><F111/><W124/><G110/><T107/><D107/><AGARI ba="0,0" hai="1,5,11,20,25,29,53,54,85,90,94,97,101,107" machi="107" ten="30,1000,0" yaku="7,1" doraHai="10" who="2" fromWho="0" sc="171,-10,357,0,196,10,276,0" owari="161,-34.0,357,45.0,206,-19.0,276,8.0" /></mjloggm>