<mjloggm ver="2.3"><GO type="169" lobby="0"/><UN n0="%E9%AB%AA%E7%95%99%E3%82%81" n1="%70%65%6E%74%6F%6C%61" n2="%E7%89%8C%E6%B5%81%E7%8A%B6%E6%85%8B%E9%BA%BB%E9%9B%80" n3="%44%65%78%69%63" dan="16,17,16,18" rate="2049.98,2213.93,2067.52,2177.90" sx="F,M,M,M"/><TAIKYOKU oya="0"/><INIT seed="0,0,0,4,0,54" ten="250,250,250,250" oya="0" hai0="55,19,12,2,11,116,123,75,56,32,62,14,107" hai1="88,35,46,50,4,1,133,128,37,64,130,36,28" hai2="61,99,41,127,24,126,74,6,71,51,84,86,17" hai3="135,33,0,59,68,92,73,20,72,18,45,38,112"/><T87/><D116/><U70/><E28/><V103/><F74/><W79/><G68/><T27/><D123/><U7/><E35/><V58/><F6/><W131/><G33/><T66/><D75/><U108/><E1/><V109/><F109/><W43/><G112/><T34/><D107/><U80/><E7/><V29/><F17/><W90/><G131/><N who="1" m="50218" /><E4/><V10/><F10/><W5/><G135/><T85/><D2/><U9/><E9/><V60/><F71/><W82/><G73/><T117/><D117/><U83/><E83/><V97/><F61/><W129/><G129/><T106/><D106/><U57/><E70/><V30/><F30/><W119/><G119/><T101/><D101/><U113/><E113/><V69/><F69/><W122/><G122/><T124/><D124/><U65/><E108/><V93/><F99/><W110/><G110/><T63/><D14/><U47/><E47/><N who="2" m="26095" /><F24/><W25/><G5/><T134/><D134/><U77/><E77/><V23/><F23/><W115/><G115/><T100/><D100/><U78/><E78/><V102/><F29/><W22/><G0/><T26/><D34/><U15/><E15/><V125/><F103/><W16/><G22/><T13/><D13/><U96/><E133/><V98/><F97/><W21/><G21/><T118/><D118/><U31/><E31/><V111/><F111/><W132/><G132/><T76/><D32/><U8/><E8/><V44/><F44/><W104/><G18/><T3/><D3/><U52/><E46/><V121/><F121/><W94/><G16/><T49/><D19/><RYUUKYOKU ba="0,0" sc="250,-10,250,-10,250,30,250,-10" hai2="58,60,84,86,93,98,102,125,126,127" /><INIT seed="1,1,0,3,4,82" ten="240,240,280,240" oya="1" hai0="6,66,120,1,105,134,3,43,115,125,100,111,22" hai1="63,28,31,123,41,30,10,104,4,0,81,71,86" hai2="60,106,102,72,47,87,77,91,48,114,52,70,93" hai3="27,51,118,90,133,32,101,131,121,46,57,89,29"/><U128/><E123/><V62/><F114/><W14/><G121/><T24/><D43/><U39/><E104/><V78/><F70/><W23/><G131/><T35/><D66/><U40/><E128/><V119/><F119/><W5/><G133/><T80/><D80/><U99/><E39/><V64/><F72/><W88/><G118/><T94/><D94/><U26/><E26/><V69/><REACH who="2" step="1"/><F62/><REACH who="2" ten="240,240,270,240" step="2"/><W50/><G101/><T132/><D100/><U34/><E34/><V79/><F79/><W95/><G57/><T110/><D115/><U109/><E109/><V15/><F15/><W112/><G112/><T42/><D120/><U73/><E73/><V76/><F76/><W55/><G50/><T20/><D111/><U124/><E124/><V96/><AGARI ba="1,1" hai="47,48,52,60,64,69,77,78,87,91,93,96,102,106" machi="96" ten="30,7900,0" yaku="1,1,0,1,52,1,54,1,53,0" doraHai="82" doraHaiUra="19" who="2" fromWho="2" sc="240,-21,240,-40,270,92,240,-21" /><INIT seed="2,0,0,1,0,121" ten="219,200,362,219" oya="2" hai0="73,10,85,25,77,43,81,38,46,66,127,9,52" hai1="28,83,101,104,94,106,99,92,32,58,1,134,18" hai2="123,55,128,72,71,56,7,44,120,100,103,95,105" hai3="37,60,4,59,79,19,47,112,86,67,78,36,111"/><V8/><F71/><W39/><G112/><T22/><D127/><U53/><E1/><V57/><F72/><W27/><G4/><T116/><D116/><U42/><E134/><V119/><F119/><W34/><G111/><T29/><D66/><U69/><E42/><V132/><F105/><W80/><G19/><T12/><D73/><U102/><E69/><V87/><F128/><W16/><G34/><T113/><D113/><U33/><E83/><V108/><F132/><W97/><G97/><T110/><D110/><U98/><E18/><V74/><F74/><W50/><G78/><T6/><REACH who="0" step="1"/><D9/><REACH who="0" ten="209,200,362,219" step="2"/><U133/><E133/><V17/><F8/><W65/><G65/><T93/><D93/><U109/><E109/><V48/><F95/><W35/><G35/><T63/><D63/><U96/><E94/><V124/><F124/><W11/><G11/><T30/><D30/><U122/><E28/><V82/><F108/><W90/><G60/><T26/><D26/><U117/><E117/><V20/><F123/><W61/><G27/><T3/><D3/><U115/><E122/><V114/><F120/><W107/><G107/><T84/><D84/><U125/><E125/><V88/><F114/><W68/><G61/><T126/><D126/><U75/><E75/><V64/><F64/><W2/><G67/><T76/><D76/><U24/><E24/><N who="2" m="14351" /><F7/><W13/><G68/><T31/><D31/><U118/><E118/><V45/><F87/><N who="3" m="48543" /><G2/><T70/><D70/><U40/><E115/><V54/><F82/><W14/><G86/><T49/><D49/><N who="1" m="31023" /><E40/><V130/><F48/><RYUUKYOKU ba="0,1" sc="209,15,200,15,362,-15,219,-15" hai0="6,10,12,22,25,29,38,43,46,52,77,81,85" hai1="32,33,92,96,98,99,101,102,104,106" /><INIT seed="3,1,1,0,5,68" ten="224,215,347,204" oya="3" hai0="129,63,72,35,4,44,58,67,57,2,86,27,122" hai1="51,52,115,85,99,54,111,11,15,1,126,127,6" hai2="37,89,120,92,123,59,80,50,3,101,90,113,41" hai3="23,98,93,48,20,96,24,82,32,55,130,39,34"/><W42/><G130/><T88/><D122/><N who="2" m="46634" /><F3/><W47/><G82/><T91/><D129/><U31/><E115/><V105/><F105/><W38/><G20/><T117/><D117/><U118/><E118/><V10/><F10/><W116/><G116/><T19/><D72/><U26/><E99/><N who="2" m="59623" /><F80/><W108/><G108/><T119/><D119/><U14/><E85/><V7/><F7/><W64/><G64/><T53/><D2/><U132/><E111/><V66/><F50/><W112/><G112/><T61/><D4/><U5/><E132/><V107/><F107/><W40/><G96/><T65/><D86/><U100/><E100/><V79/><F79/><W45/><G55/><T135/><D135/><U128/><E6/><V9/><F9/><W62/><G62/><T134/><D134/><U13/><E128/><V60/><F113/><W28/><G48/><T94/><D94/><U56/><REACH who="1" step="1"/><E54/><REACH who="1" ten="224,205,347,204" step="2"/><V22/><F90/><AGARI ba="1,2" hai="23,24,28,32,34,38,39,40,42,45,47,90,93,98" machi="90" ten="30,11600,0" yaku="7,1,9,1,52,2" doraHai="68" who="3" fromWho="2" sc="224,0,205,0,347,-119,204,139" /><INIT seed="3,2,0,4,0,78" ten="224,205,228,343" oya="3" hai0="51,26,33,120,108,38,76,64,65,102,95,87,9" hai1="1,134,7,31,122,50,118,0,19,135,132,16,128" hai2="12,14,89,6,45,111,112,35,22,96,17,133,83" hai3="125,53,109,39,110,27,103,62,32,8,67,49,23"/><W36/><G32/><T69/><D51/><U86/><E122/><V107/><F111/><N who="3" m="42507" /><G103/><T70/><D9/><U82/><E128/><V54/><F35/><W121/><G8/><T28/><D87/><U129/><E129/><V18/><F6/><W124/><G121/><T10/><D76/><N who="1" m="46407" /><E118/><V52/><F133/><W94/><G94/><T20/><D20/><U104/><E104/><V113/><F107/><W123/><G27/><T24/><D10/><N who="1" m="2407" /><E1/><V47/><F96/><W81/><G81/><T2/><D2/><U37/><E37/><N who="3" m="14410" /><G23/><T117/><D95/><U56/><E31/><V85/><F113/><W63/><G123/><T116/><D102/><U58/><E50/><V77/><F77/><W71/><G63/><T106/><D108/><U115/><E115/><V74/><F74/><W46/><AGARI ba="2,0" hai="46,49,53,62,67,71,124,125" m="14410,42507" machi="46" ten="40,12000,1" yaku="14,1,10,1,34,2" doraHai="78" who="3" fromWho="3" sc="224,-42,205,-42,228,-42,343,126" /><INIT seed="3,3,0,1,2,32" ten="182,163,186,469" oya="3" hai0="0,125,88,66,102,39,115,103,42,127,18,104,113" hai1="43,85,47,132,120,106,76,134,96,91,23,37,123" hai2="78,49,111,8,29,2,121,11,54,62,122,135,130" hai3="93,52,10,17,64,84,33,94,83,97,15,128,38"/><W71/><G128/><T20/><D39/><U41/><E41/><V56/><F130/><W55/><G33/><T60/><D42/><U25/><E76/><V9/><F111/><W57/><G38/><T99/><D103/><U80/><E106/><V7/><F135/><N who="1" m="51753" /><E96/><V16/><F29/><AGARI ba="3,0" hai="23,25,29,37,43,47,80,85,91,120,123" m="51753" machi="29" ten="30,1000,0" yaku="20,1" doraHai="32" who="1" fromWho="2" sc="182,0,163,19,186,-19,469,0" /><INIT seed="4,0,0,0,5,28" ten="182,182,167,469" oya="0" hai0="5,108,42,40,87,41,1,107,96,124,24,21,2" hai1="127,51,36,70,60,135,104,68,89,132,103,98,86" hai2="72,102,95,14,25,59,93,54,27,125,97,115,83" hai3="123,92,17,133,114,20,55,13,6,64,44,46,53"/><T128/><D124/><U38/><E51/><V52/><F115/><W67/><G114/><T26/><D128/><U106/><E106/><V79/><F125/><W50/><G133/><N who="1" m="51274" /><E127/><V134/><F134/><W62/><G123/><T0/><D108/><U111/><E111/><V35/><F95/><W7/><G92/><T29/><D87/><U18/><E18/><V129/><F129/><W22/><G22/><T31/><D107/><U23/><E23/><V45/><F35/><W37/><G37/><N who="1" m="14442" /><E60/><V118/><F118/><W90/><G90/><T43/><D96/><U88/><E89/><V71/><F71/><W94/><G94/><AGARI ba="0,0" hai="68,70,86,88,94,98,103,104" m="14442,51274" machi="94" ten="30,2000,0" yaku="20,1,54,1" doraHai="28" who="1" fromWho="3" sc="182,0,182,20,167,0,469,-20" /><INIT seed="5,0,0,1,4,59" ten="182,202,167,449" oya="1" hai0="113,31,43,96,49,46,117,48,41,17,104,7,124" hai1="6,125,82,89,66,53,103,63,33,71,75,127,77" hai2="14,134,0,22,26,120,16,86,19,57,20,10,76" hai3="11,45,42,30,69,79,12,36,108,102,4,99,81"/><U15/><E33/><V87/><F120/><W98/><G108/><T97/><D113/><U105/><E53/><V111/><F111/><W54/><G69/><T121/><D124/><U68/><E68/><V65/><F134/><W100/><G30/><T92/><D117/><U1/><E15/><V67/><F76/><W70/><G70/><T115/><D115/><U13/><E13/><V37/><F37/><W88/><G54/><T84/><D121/><U72/><E89/><V34/><F34/><W38/><G38/><T106/><D31/><U58/><E58/><V64/><REACH who="2" step="1"/><F57/><REACH who="2" ten="182,202,157,449" step="2"/><W128/><G79/><T129/><D129/><U25/><E75/><V55/><F55/><W73/><G36/><T8/><D104/><U114/><E114/><V24/><F24/><W32/><G73/><T61/><D106/><U110/><E25/><V3/><F3/><W52/><G52/><T107/><D61/><U39/><E39/><V109/><F109/><W27/><G128/><T78/><D107/><U118/><E110/><V60/><F60/><W126/><G32/><T74/><D74/><U50/><E50/><V56/><F56/><W35/><G35/><T85/><D78/><U2/><E118/><V101/><F101/><W29/><G27/><T44/><D7/><AGARI ba="0,1" hai="0,7,10,14,16,19,20,22,26,64,65,67,86,87" machi="7" ten="40,2600,0" yaku="1,1,54,1,53,0" doraHai="59" doraHaiUra="133" who="2" fromWho="0" sc="182,-26,202,0,157,36,449,0" /><INIT seed="6,0,0,1,4,105" ten="156,202,193,449" oya="2" hai0="119,70,88,19,106,10,47,64,104,21,73,60,59" hai1="121,5,3,118,17,67,7,24,18,103,16,76,38" hai2="41,26,111,108,78,1,113,29,37,14,61,0,132" hai3="34,13,23,8,62,36,2,120,56,86,99,81,110"/><V53/><F113/><W82/><G34/><T15/><D119/><U33/><E38/><V127/><F78/><W58/><G36/><T125/><D125/><U30/><E67/><V40/><F132/><W109/><G120/><T12/><D70/><U84/><E103/><V72/><F14/><W89/><G58/><T68/><D68/><U55/><E55/><V42/><F37/><W115/><G2/><T122/><D122/><U48/><E48/><V97/><F97/><W130/><G23/><T101/><D101/><U93/><E93/><V117/><F117/><W57/><G57/><T35/><D35/><U107/><E84/><V92/><F92/><W32/><G32/><T4/><D73/><U135/><E76/><V128/><F72/><W65/><G130/><T50/><REACH who="0" step="1"/><D88/><REACH who="0" ten="146,202,193,449" step="2"/><U83/><E121/><V75/><F75/><W43/><G89/><T52/><AGARI ba="0,1" hai="4,10,12,15,19,21,47,50,52,59,60,64,104,106" machi="52" ten="20,8000,1" yaku="1,1,2,1,0,1,7,1,54,1,53,0" doraHai="105" doraHaiUra="79" who="0" fromWho="0" sc="146,90,202,-20,193,-40,449,-20" /><INIT seed="7,0,0,0,4,116" ten="236,182,153,429" oya="3" hai0="79,70,25,64,88,58,126,49,45,131,16,8,115" hai1="19,30,22,104,46,11,119,87,76,123,34,134,41" hai2="42,84,55,37,23,83,78,82,40,17,57,2,1" hai3="94,61,33,68,128,4,69,97,113,107,108,122,95"/><W32/><G4/><T21/><D126/><U110/><E110/><V81/><F1/><W100/><G95/><T67/><D131/><U89/><E104/><V127/><F2/><W10/><G94/><T73/><D70/><U13/><E119/><V91/><F127/><W27/><G10/><T24/><D73/><U102/><E102/><V118/><F118/><W38/><G38/><T106/><D79/><U92/><E76/><V71/><F71/><W12/><G12/><T15/><D115/><U65/><E65/><V47/><F40/><W133/><G33/><T20/><D106/><U48/><E34/><V96/><F96/><W99/><G99/><T53/><D88/><U124/><E124/><V29/><F29/><W111/><G133/><T3/><D45/><U66/><E66/><V54/><F57/><W135/><G135/><T14/><D14/><N who="1" m="9591" /><E134/><V129/><F129/><W9/><G128/><T43/><D43/><U59/><E30/><V5/><F5/><W74/><G74/><T36/><D36/><U0/><E0/><V31/><F31/><W117/><G113/><T62/><D64/><U105/><E105/><V7/><F7/><W60/><G69/><T56/><D3/><U132/><E132/><V80/><REACH who="2" step="1"/><F78/><REACH who="2" ten="236,182,143,429" step="2"/><W98/><G68/><T39/><D67/><U51/><E59/><V114/><F114/><W52/><G117/><T28/><D58/><U112/><E112/><V125/><F125/><W120/><G98/><T18/><D56/><U6/><E51/><V35/><F35/><W75/><G32/><T90/><D49/><U63/><E63/><RYUUKYOKU ba="0,1" sc="236,-15,182,15,143,15,429,-15" hai1="6,11,13,41,46,48,87,89,92,123" hai2="17,23,37,42,47,54,55,80,81,82,83,84,91" owari="221,2.0,197,-20.0,158,-34.0,424,52.0" /></mjloggm>