<mjloggm ver="2.3"><GO type="169" lobby="0"/><UN n0="%E5%90%89%E6%88%90%E5%89%9B" n1="%E7%82%8E%E3%81%AE%E3%83%88%E3%83%AC%E3%83%BC%E3%83%80%E3%83%BC" n2="%E4%BE%8D" n3="%E6%B0%B4%E7%84%A1%E6%9C%88%2A%E9%9F%BF" dan="16,16,17,16" rate="2119.75,2158.71,2118.87,2075.20" sx="M,M,M,M"/><TAIKYOKU oya="0"/><INIT seed="0,0,0,5,3,38" ten="250,250,250,250" oya="0" hai0="44,16,48,118,60,120,29,66,134,71,130,22,81" hai1="65,18,86,17,115,68,93,69,1,97,20,43,102" hai2="27,54,83,26,8,59,28,110,100,33,57,3,125" hai3="12,74,105,32,82,131,42,45,4,121,85,84,96"/><T78/><D118/><U75/><E75/><V6/><F110/><W101/><G32/><T39/><D120/><U124/><E1/><V116/><F125/><W21/><G131/><T117/><D117/><U0/><E0/><V122/><F116/><W19/><G121/><T52/><D130/><U91/><E124/><V53/><F122/><W2/><G2/><T103/><D134/><U98/><E115/><V62/><F100/><W90/><G4/><T77/><D29/><U13/><E98/><V107/><F107/><W47/><G47/><T89/><D103/><U34/><E34/><V11/><F11/><W73/><REACH who="3" step="1"/><G85/><REACH who="3" ten="250,250,250,240" step="2"/><T41/><D81/><U112/><E112/><V95/><F83/><W63/><G63/><T50/><D50/><AGARI ba="0,1" hai="12,19,21,42,45,50,73,74,82,84,90,96,101,105" machi="50" ten="30,7700,0" yaku="1,1,7,1,52,1,53,1" doraHai="38" doraHaiUra="76" who="3" fromWho="0" sc="250,-77,250,0,250,0,240,87" /><INIT seed="1,0,0,4,1,64" ten="173,250,250,327" oya="1" hai0="83,110,65,126,44,27,130,94,0,15,66,29,107" hai1="101,106,78,104,120,7,98,112,39,70,81,24,84" hai2="87,103,35,113,5,11,90,91,100,43,49,88,19" hai3="55,97,28,14,51,128,59,96,105,63,93,8,72"/><U67/><E39/><V23/><F35/><W58/><G72/><T48/><D107/><U50/><E120/><V54/><F43/><W125/><G125/><T46/><D0/><U102/><E112/><V37/><F37/><W45/><G128/><T118/><D118/><U60/><E7/><V42/><F42/><W32/><G105/><T135/><D126/><U31/><E50/><V20/><F113/><W114/><G114/><T69/><D130/><U92/><REACH who="1" step="1"/><E102/><REACH who="1" ten="173,240,250,327" step="2"/><V26/><F100/><W40/><G51/><T129/><D48/><U56/><E56/><V79/><F103/><W25/><G59/><T13/><D129/><U57/><E57/><V99/><F99/><W134/><G97/><T82/><D44/><U95/><E95/><V73/><F49/><W108/><G45/><T33/><D94/><U17/><E17/><V16/><F5/><W53/><G93/><T74/><D46/><U68/><E68/><V132/><F19/><W10/><G96/><T38/><D38/><U75/><E75/><V71/><F73/><W122/><G122/><T52/><D74/><U2/><E2/><V115/><F71/><W124/><G124/><T119/><D69/><U86/><E86/><V109/><F115/><W80/><G58/><T47/><D47/><U123/><E123/><V76/><F87/><W111/><G63/><T133/><D119/><U18/><E18/><V34/><F16/><W61/><G61/><T41/><D83/><U36/><E36/><V3/><F3/><W22/><G80/><T89/><D82/><U116/><E116/><V6/><F6/><RYUUKYOKU ba="0,1" sc="173,-10,240,30,250,-10,327,-10" hai1="24,31,60,67,70,78,81,84,92,98,101,104,106" /><INIT seed="1,1,1,2,1,97" ten="163,270,240,317" oya="1" hai0="118,80,92,70,77,100,28,78,10,128,79,17,27" hai1="129,56,8,68,101,104,16,7,15,114,64,76,53" hai2="134,39,98,43,44,85,0,124,81,65,3,32,48" hai3="96,72,83,30,24,131,58,107,117,120,105,18,9"/><U26/><E114/><V38/><F32/><W5/><G120/><T90/><D118/><U47/><E129/><V46/><F124/><W42/><G117/><T57/><D70/><U135/><E135/><V106/><F134/><W41/><G18/><T45/><D128/><U112/><E76/><V66/><F106/><W60/><G131/><T50/><D57/><U74/><E74/><V4/><F98/><W13/><G72/><T52/><D28/><U110/><E112/><V116/><F116/><W11/><G83/><T86/><D27/><U121/><E121/><V94/><F94/><W122/><G11/><T113/><D113/><U35/><E47/><V20/><F20/><W123/><G123/><T125/><D125/><U62/><E110/><V132/><F132/><W89/><G107/><T37/><D37/><U23/><E35/><V12/><F0/><W1/><G1/><T99/><D79/><U34/><E34/><V130/><F3/><W40/><G122/><T67/><D67/><N who="2" m="25610" /><F46/><W71/><G105/><T61/><D61/><U14/><E68/><V115/><F130/><W59/><G60/><T63/><D63/><U84/><E64/><V31/><F31/><W93/><G71/><T19/><D17/><U111/><E111/><V29/><F29/><W69/><G69/><T95/><D92/><U25/><REACH who="1" step="1"/><E84/><REACH who="1" ten="163,260,240,317" step="2"/><V88/><F115/><W51/><G51/><T21/><D21/><AGARI ba="1,2" hai="5,9,13,21,24,30,40,41,42,58,59,89,93,96" machi="21" ten="40,1300,0" yaku="8,1" doraHai="97" who="3" fromWho="0" sc="163,-16,260,0,240,0,317,36" /><INIT seed="2,0,0,4,2,77" ten="147,260,240,353" oya="2" hai0="26,124,16,29,36,11,82,19,122,57,66,4,98" hai1="6,83,115,104,117,35,30,71,134,130,107,21,85" hai2="91,67,10,88,73,41,80,22,103,31,119,55,120" hai3="132,68,43,78,131,27,49,135,118,129,61,127,64"/><V32/><F119/><W101/><G101/><T2/><D122/><U34/><E117/><V23/><F120/><W125/><G78/><T94/><D36/><U99/><E6/><V76/><F67/><W133/><G118/><T112/><D112/><U102/><E115/><V79/><F41/><W47/><REACH who="3" step="1"/><G27/><REACH who="3" ten="147,260,240,343" step="2"/><T96/><D26/><U75/><E102/><V1/><F103/><W86/><G86/><T113/><D113/><U50/><E85/><V111/><F79/><W54/><G54/><T92/><D124/><AGARI ba="0,1" hai="43,47,49,61,64,68,124,125,127,129,131,132,133,135" machi="124" ten="50,16000,3" yaku="1,1,30,2,18,1,20,1,34,3,53,0" doraHai="77" doraHaiUra="7" who="3" fromWho="0" sc="147,-160,260,0,240,0,343,170" owari="-13,-51.0,260,6.0,240,-16.0,513,61.0" /></mjloggm>