<mjloggm ver="2.3"><GO type="169" lobby="0"/><UN n0="%E5%A4%A9%E6%89%8D%E9%BA%BB%E5%B0%86%E6%9D%8F%E6%9D%8F" n1="%E3%82%B9%E3%82%AB%E3%83%BC%E3%83%AC%E3%83%83%E3%83%88" n2="%70%65%6E%74%6F%6C%61" n3="%E5%9D%8A%E3%82%84%E3%81%A1%E3%81%A4" dan="16,16,17,16" rate="2062.36,2113.69,2206.87,2074.79" sx="F,M,M,M"/><TAIKYOKU oya="0"/><INIT seed="0,0,0,0,5,92" ten="250,250,250,250" oya="0" hai0="112,97,38,123,61,96,117,66,18,7,20,4,102" hai1="51,129,87,101,89,3,33,118,44,130,134,9,67" hai2="21,104,17,45,28,5,111,11,65,74,31,62,84" hai3="93,14,12,113,54,42,40,108,131,39,46,120,8"/><T135/><D112/><U6/><E118/><V56/><F74/><W122/><G113/><T32/><D123/><N who="3" m="47145" /><G108/><T132/><D38/><U23/><E33/><V95/><F104/><W100/><G131/><T70/><D32/><U43/><E134/><N who="0" m="51241" /><D117/><U52/><E67/><V57/><F45/><W49/><G14/><N who="0" m="9303" /><D102/><U10/><E101/><V79/><F57/><W110/><G39/><T29/><D29/><U76/><E76/><V107/><F107/><W73/><G73/><T47/><D47/><U55/><E23/><V37/><F37/><W0/><G0/><T26/><D26/><U22/><E22/><V133/><F133/><W1/><G1/><T35/><D35/><U94/><REACH who="1" step="1"/><E9/><REACH who="1" ten="250,240,250,250" step="2"/><V116/><F116/><W36/><G110/><T86/><D86/><U25/><E25/><V115/><F111/><W75/><G75/><T60/><D60/><U126/><E126/><V105/><F115/><W34/><G34/><T81/><D81/><U30/><E30/><V59/><F31/><W50/><G100/><T85/><D85/><U103/><E103/><V127/><F28/><W99/><G8/><T16/><D61/><U125/><E125/><V15/><F127/><W58/><G36/><T88/><D66/><U19/><E19/><V77/><F105/><W53/><G12/><T128/><D16/><U63/><E63/><N who="2" m="38119" /><F21/><W114/><G114/><T64/><D64/><U83/><E83/><V121/><F121/><W119/><G119/><T109/><D109/><U24/><E24/><V90/><F17/><W27/><G27/><T78/><D78/><U41/><E41/><RYUUKYOKU ba="0,1" sc="250,-30,240,10,250,10,250,10" hai1="3,6,10,43,44,51,52,55,87,89,94,129,130" hai2="5,11,15,59,62,77,79,84,90,95" hai3="40,42,46,49,50,53,54,58,93,99" /><INIT seed="1,1,1,5,1,53" ten="220,250,260,260" oya="1" hai0="7,27,20,6,49,16,112,31,89,58,135,3,127" hai1="5,44,128,42,93,69,33,60,26,74,13,86,106" hai2="51,114,96,48,108,29,11,75,126,111,37,35,52" hai3="116,25,68,73,98,131,102,19,67,133,83,28,100"/><U2/><E74/><V32/><F75/><W17/><G116/><T66/><D112/><U43/><E106/><V22/><F37/><W85/><G73/><T94/><D135/><U39/><E2/><V81/><F48/><W101/><G98/><T104/><D104/><U70/><E128/><V50/><F50/><W57/><G68/><T54/><D127/><U47/><E60/><V124/><F11/><W84/><G133/><T109/><D109/><N who="2" m="42058" /><F81/><W1/><G1/><T71/><D3/><U34/><E5/><N who="0" m="1545" /><D71/><U62/><E13/><V24/><F96/><W61/><G131/><T0/><D0/><U15/><E15/><V107/><F107/><W4/><G4/><T21/><D66/><U30/><E34/><N who="2" m="12843" /><F114/><W118/><G118/><T23/><D31/><U40/><E62/><V14/><F14/><W122/><G122/><T8/><D8/><U105/><E105/><V119/><F119/><W12/><G12/><T45/><D45/><AGARI ba="1,1" hai="22,24,29,45,51,52,124,126" m="12843,42058" machi="45" ten="30,2000,0" yaku="14,1,54,1" doraHai="53" who="2" fromWho="0" sc="220,-23,250,0,260,33,260,0" /><INIT seed="2,0,0,5,4,101" ten="197,250,293,260" oya="2" hai0="113,91,49,33,63,93,92,13,74,118,121,72,5" hai1="38,88,48,58,85,130,96,40,42,14,78,26,76" hai2="35,18,2,7,71,43,105,107,6,117,31,98,110" hai3="9,89,24,90,114,57,131,19,94,112,64,8,41"/><V54/><F117/><W1/><G131/><T25/><D121/><U11/><E130/><V4/><F98/><W79/><G79/><N who="1" m="30250" /><E38/><V53/><F43/><W99/><G41/><T128/><D113/><U56/><E96/><V50/><F2/><W44/><G44/><T28/><D118/><U80/><E26/><V47/><F71/><W36/><G36/><T3/><D3/><U30/><E30/><V32/><F18/><W127/><G127/><T103/><D93/><U102/><E102/><V68/><F68/><W61/><G90/><T0/><D0/><U97/><E97/><V70/><F70/><W17/><G1/><T67/><D103/><U73/><E73/><V39/><F39/><W132/><G132/><T134/><D134/><U104/><E104/><V87/><F87/><W66/><G66/><T111/><D128/><U27/><E27/><V77/><F77/><W55/><G64/><T100/><D100/><U34/><E34/><V86/><F86/><W60/><G24/><T23/><D33/><U12/><E12/><V82/><F31/><W84/><G84/><T69/><D74/><U109/><E109/><V124/><F124/><W51/><G114/><T129/><D111/><U120/><E120/><V15/><F110/><W21/><G112/><T133/><D72/><U59/><E48/><N who="2" m="28831" /><F82/><W95/><G95/><T108/><D108/><U123/><E123/><V106/><F15/><N who="3" m="9407" /><G19/><AGARI ba="0,0" hai="11,14,19,40,42,56,58,59,80,85,88" m="30250" machi="19" ten="30,2000,0" yaku="8,1,54,1" doraHai="101" who="1" fromWho="3" sc="197,0,250,20,293,0,260,-20" /><INIT seed="3,0,0,3,5,87" ten="197,270,293,240" oya="3" hai0="46,45,112,106,8,114,111,34,103,91,73,24,107" hai1="123,37,129,71,119,17,132,41,108,64,32,92,48" hai2="59,28,10,14,25,35,86,82,13,15,109,12,93" hai3="36,43,117,20,116,42,1,57,31,19,83,122,60"/><W121/><G83/><T89/><D73/><U39/><E32/><V69/><F69/><W16/><G31/><N who="0" m="19815" /><D111/><U96/><E123/><V65/><F109/><W80/><G1/><T72/><D8/><U9/><E108/><V56/><F93/><W26/><G80/><T50/><D72/><U110/><E110/><V104/><F104/><N who="0" m="39978" /><D103/><U115/><E119/><V29/><F65/><W131/><G131/><T22/><D22/><U6/><E17/><V7/><REACH who="2" step="1"/><F29/><REACH who="2" ten="197,270,283,240" step="2"/><W102/><G117/><T125/><D125/><U77/><E92/><V134/><F134/><W98/><G116/><T88/><D50/><U127/><E48/><V30/><F30/><W95/><G122/><T99/><D99/><U61/><E96/><V54/><F54/><N who="3" m="33847" /><G121/><T49/><D49/><U105/><E132/><V23/><F23/><N who="3" m="13671" /><G36/><T11/><D11/><U101/><E9/><V74/><F74/><W62/><G62/><T118/><D118/><U58/><E61/><V0/><F0/><W85/><G85/><T67/><D67/><U33/><E39/><V81/><F81/><W75/><G75/><T4/><D4/><U120/><E6/><V130/><F130/><W68/><G68/><T128/><D128/><U44/><E71/><V38/><F38/><W21/><G21/><T63/><D63/><U113/><E37/><V133/><F133/><W76/><G76/><AGARI ba="0,1" hai="7,10,12,13,14,15,25,28,35,56,59,76,82,86" machi="76" ten="40,5200,0" yaku="1,1,53,2" doraHai="87" doraHaiUra="53" who="2" fromWho="3" sc="197,0,270,0,283,62,240,-52" /><INIT seed="4,0,0,0,4,4" ten="197,270,345,188" oya="0" hai0="116,119,50,12,111,100,18,132,69,128,49,43,90" hai1="129,27,94,86,63,87,93,38,71,91,37,65,41" hai2="92,40,0,70,32,104,44,103,113,102,61,52,17" hai3="2,81,21,8,47,58,82,20,72,29,122,79,60"/><T67/><D128/><U30/><E129/><V62/><F32/><W76/><G122/><T59/><D132/><U23/><REACH who="1" step="1"/><E41/><REACH who="1" ten="197,260,345,188" step="2"/><V127/><F40/><W64/><G29/><T33/><D43/><U14/><E14/><V16/><F0/><W68/><G68/><T10/><D12/><U125/><E125/><V31/><F70/><W26/><G26/><T51/><D69/><U22/><E22/><V135/><F127/><W57/><G21/><T109/><D119/><U131/><E131/><V80/><F135/><W84/><G20/><T133/><D116/><U9/><E9/><V105/><F113/><W123/><G123/><T6/><D10/><U42/><E42/><V96/><F105/><W107/><G107/><T11/><D11/><U89/><AGARI ba="0,1" hai="23,27,30,37,38,63,65,71,86,87,89,91,93,94" machi="89" ten="30,4000,0" yaku="1,1,0,1,9,1,53,0" doraHai="4" doraHaiUra="97" who="1" fromWho="1" sc="197,-20,260,50,345,-10,188,-10" /><INIT seed="5,0,0,5,1,19" ten="177,310,335,178" oya="1" hai0="55,22,57,79,58,69,114,126,87,72,111,99,38" hai1="123,84,8,133,130,5,52,100,77,129,34,26,107" hai2="108,119,86,53,76,47,101,102,21,11,25,96,120" hai3="109,134,122,35,92,54,30,44,56,9,61,91,15"/><U127/><E123/><V51/><F108/><W125/><G122/><T13/><D69/><U1/><E133/><V73/><F73/><W29/><G109/><T33/><D33/><U131/><E127/><V88/><F119/><W18/><G134/><T97/><D38/><U20/><E34/><V31/><F120/><W124/><G44/><T118/><D118/><U95/><E107/><V2/><F2/><W48/><G48/><T83/><D111/><U7/><E7/><V121/><F121/><W63/><G61/><T106/><D114/><U104/><E104/><V112/><F76/><W41/><G41/><T90/><D126/><N who="3" m="48745" /><G35/><T93/><D106/><U81/><E100/><V115/><F11/><W70/><G70/><T36/><D57/><U37/><E95/><N who="2" m="54679" /><F96/><AGARI ba="0,0" hai="9,15,18,29,30,54,56,63,91,92,96" m="48745" machi="96" ten="30,1000,0" yaku="18,1" doraHai="19" who="3" fromWho="2" sc="177,0,310,0,335,-10,178,10" /><INIT seed="6,0,0,2,5,122" ten="177,310,325,188" oya="2" hai0="110,120,78,107,23,106,50,52,100,24,66,13,92" hai1="0,115,38,67,134,36,58,124,101,119,84,113,30" hai2="130,53,29,54,18,81,16,123,71,74,90,131,72" hai3="27,20,102,82,32,105,57,46,8,87,44,40,85"/><V97/><F123/><W42/><G32/><T70/><D120/><U98/><E119/><V17/><F71/><W48/><G8/><T96/><D78/><U64/><E0/><V1/><F29/><W5/><G5/><T26/><D13/><U59/><E134/><V80/><F1/><W91/><G105/><T14/><D14/><U41/><E30/><V117/><F97/><W121/><G102/><T39/><D39/><N who="1" m="14891" /><E84/><V79/><F117/><W62/><G87/><T28/><D110/><U61/><E41/><V114/><F114/><N who="1" m="43529" /><E124/><V89/><F18/><W63/><G57/><N who="1" m="21514" /><E61/><V51/><F51/><W37/><REACH who="3" step="1"/><G121/><REACH who="3" ten="177,310,325,178" step="2"/><T95/><D107/><AGARI ba="0,1" hai="64,67,98,101,107" m="21514,43529,14891" machi="107" ten="30,1000,0" yaku="15,1" doraHai="122" who="1" fromWho="0" sc="177,-10,310,20,325,0,178,0" /><INIT seed="7,0,0,1,0,130" ten="167,330,325,178" oya="3" hai0="55,89,42,125,69,57,119,127,22,104,40,88,48" hai1="83,118,11,7,134,71,26,123,95,86,60,121,36" hai2="112,114,111,135,68,12,51,5,81,9,0,41,17" hai3="80,122,117,2,132,100,97,91,64,20,102,52,28"/><W79/><G2/><T110/><D110/><U37/><E95/><V15/><F111/><W25/><G117/><T133/><D119/><U32/><E118/><V34/><F68/><W18/><G64/><T4/><D133/><U53/><E36/><V66/><F66/><W108/><G108/><T76/><D104/><U10/><E37/><V46/><F135/><W129/><G129/><T128/><D128/><U84/><E84/><V82/><F34/><W3/><G3/><T67/><D76/><U21/><E32/><V44/><F44/><W31/><G122/><T99/><D4/><U72/><E72/><V70/><F70/><W74/><G132/><T62/><D22/><U23/><E23/><N who="2" m="11687" /><F0/><W73/><G73/><T45/><D40/><U93/><E93/><V35/><F35/><W78/><G78/><T77/><D77/><U113/><E134/><V109/><F109/><W131/><G131/><T47/><D47/><U65/><E53/><V14/><F15/><W8/><G52/><T101/><D101/><U59/><E71/><V116/><F116/><W75/><G75/><T105/><D105/><U50/><E113/><AGARI ba="0,0" hai="5,9,14,41,46,51,81,82,112,113,114" m="11687" machi="113" ten="30,1000,0" yaku="15,1" doraHai="130" who="2" fromWho="1" sc="167,0,330,-10,325,10,178,0" owari="167,-33.0,320,12.0,335,43.0,178,-22.0" /></mjloggm>