<mjloggm ver="2.3"><GO type="169" lobby="0"/><UN n0="%E6%BB%9D%E6%9C%AC%E3%81%B2%E3%81%B5%E3%81%BF%EF%BC%81" n1="%E7%89%8C%E6%B5%81%E7%8A%B6%E6%85%8B%E9%BA%BB%E9%9B%80" n2="%4B%65%6B%61%79%75%74%61" n3="%E6%9D%BE%E5%B1%8B%E3%81%8A%E3%81%98%E3%81%95%E3%82%93" dan="16,16,16,17" rate="2123.05,2079.13,2070.54,2185.79" sx="M,M,M,M"/><TAIKYOKU oya="0"/><INIT seed="0,0,0,5,3,111" ten="250,250,250,250" oya="0" hai0="22,89,23,101,34,50,24,76,21,42,67,2,40" hai1="114,12,106,104,35,121,27,43,112,82,81,58,75" hai2="77,13,102,15,20,4,87,73,38,45,30,97,132" hai3="69,6,1,71,60,118,49,9,109,80,90,53,61"/><T25/><D2/><U126/><E121/><V72/><F132/><W14/><G118/><T47/><D34/><U8/><E43/><V17/><F38/><W10/><G109/><T129/><D129/><U105/><E58/><V19/><F4/><W66/><G61/><T133/><D133/><U119/><E119/><V123/><F30/><W130/><G130/><T88/><D101/><U7/><E126/><V86/><F45/><W31/><G31/><T41/><D76/><U108/><E108/><V64/><F64/><W79/><G90/><N who="0" m="34923" /><D67/><U29/><REACH who="1" step="1"/><E75/><REACH who="1" ten="250,240,250,250" step="2"/><V135/><F123/><W28/><G69/><T98/><D98/><U122/><E122/><V18/><F73/><W3/><G71/><T131/><D131/><U55/><E55/><AGARI ba="0,1" hai="21,22,23,24,25,40,41,42,47,50,55" m="34923" machi="55" ten="30,2900,0" yaku="8,1,54,1" doraHai="111" who="0" fromWho="1" sc="250,39,240,-29,250,0,250,0" /><INIT seed="0,1,0,1,4,126" ten="289,211,250,250" oya="0" hai0="12,133,43,81,112,83,125,4,85,52,129,70,96" hai1="71,17,0,2,24,50,123,21,34,6,30,116,67" hai2="15,38,45,118,11,29,60,82,117,16,135,77,124" hai3="31,131,119,78,106,75,13,122,46,56,121,100,20"/><T58/><D70/><U19/><E116/><N who="2" m="44651" /><F124/><W64/><G119/><T104/><D112/><U27/><E123/><V47/><F38/><W26/><G75/><T63/><D125/><U33/><E50/><V23/><F135/><W102/><G78/><T79/><D43/><U128/><E67/><V35/><F35/><N who="1" m="13321" /><E71/><V134/><F60/><W86/><G86/><T132/><D129/><U97/><E97/><V90/><F90/><W59/><G13/><T98/><D81/><U18/><E128/><V114/><F114/><W87/><G87/><T51/><D51/><U115/><E115/><V25/><F134/><N who="0" m="51818" /><D104/><U103/><E103/><V68/><F68/><W37/><G131/><T110/><D110/><U120/><E120/><N who="3" m="46186" /><G106/><T89/><D79/><U73/><E73/><AGARI ba="1,0" hai="11,15,16,23,25,29,45,47,73,77,82" m="44651" machi="73" ten="30,2000,0" yaku="12,1,54,1" doraHai="126" who="2" fromWho="1" sc="289,0,211,-23,250,23,250,0" /><INIT seed="1,0,0,0,1,121" ten="289,188,273,250" oya="1" hai0="101,59,84,39,33,61,56,73,12,112,52,113,86" hai1="126,8,132,15,116,93,0,29,68,4,19,22,130" hai2="41,134,5,53,131,31,54,30,11,16,78,25,67" hai3="76,37,1,88,40,75,89,35,70,21,10,46,123"/><U100/><E116/><V36/><F134/><W2/><G123/><T63/><D73/><U119/><E119/><V60/><F131/><W99/><G35/><T23/><D33/><U87/><E130/><V42/><F78/><W91/><G70/><T7/><D39/><U77/><E126/><V108/><F5/><W32/><G32/><T96/><D112/><U74/><E68/><V43/><F36/><W135/><G135/><T98/><D113/><U72/><E132/><V71/><F108/><W115/><G115/><T50/><D50/><U9/><E100/><V82/><F82/><N who="3" m="45343" /><G21/><T85/><D101/><U97/><E87/><V58/><F54/><W118/><G2/><T107/><D107/><U57/><E77/><V62/><REACH who="2" step="1"/><F25/><REACH who="2" ten="289,188,263,250" step="2"/><W65/><G118/><T14/><D7/><U120/><E120/><V133/><F133/><W114/><G114/><T83/><D83/><U66/><E4/><V64/><F64/><W45/><G65/><N who="0" m="39079" /><D12/><AGARI ba="0,1" hai="11,12,16,30,31,41,42,43,53,58,60,62,67,71" machi="12" ten="40,2600,0" yaku="1,1,54,1,53,0" doraHai="121" doraHaiUra="3" who="2" fromWho="0" sc="289,-26,188,0,263,36,250,0" /><INIT seed="2,0,0,0,0,123" ten="263,188,299,250" oya="2" hai0="35,38,85,48,45,135,29,60,101,112,86,27,103" hai1="116,84,122,71,18,94,78,63,61,23,133,120,66" hai2="76,33,1,87,72,83,26,41,14,39,117,79,40" hai3="37,91,34,111,13,36,43,118,10,108,110,50,114"/><V69/><F117/><W4/><G118/><T17/><D38/><N who="3" m="14953" /><G114/><T102/><D112/><U90/><E133/><V81/><F69/><W2/><G34/><T96/><D135/><U95/><E116/><V49/><F1/><W73/><G73/><T44/><D96/><U55/><E78/><V31/><F39/><W109/><G109/><T52/><D60/><U65/><E55/><V93/><F49/><W47/><G91/><T75/><D44/><U68/><REACH who="1" step="1"/><E95/><REACH who="1" ten="263,178,299,250" step="2"/><V77/><F77/><W11/><G11/><T21/><REACH who="0" step="1"/><D75/><REACH who="0" ten="253,178,299,250" step="2"/><U129/><E129/><V20/><F72/><W9/><G9/><T132/><D132/><U62/><E62/><V130/><F130/><W5/><G2/><T67/><D67/><U126/><E126/><V28/><F76/><W92/><G92/><T131/><D131/><U3/><E3/><V24/><F93/><W80/><G80/><T57/><D57/><U53/><E53/><V64/><F64/><W89/><G89/><T0/><D0/><U134/><E134/><V105/><F83/><W46/><G46/><T30/><D30/><U16/><E16/><AGARI ba="0,2" hai="4,5,10,13,16,43,47,50,108,110,111" m="14953" machi="16" ten="40,8000,1" yaku="14,1,52,3,54,1" doraHai="123" who="3" fromWho="1" sc="253,0,178,-80,299,0,250,100" /><INIT seed="3,0,0,1,3,68" ten="253,98,299,350" oya="3" hai0="132,4,85,86,40,10,34,120,0,42,55,5,12" hai1="111,20,13,37,127,19,113,128,28,31,3,60,114" hai2="62,14,46,75,91,72,117,87,110,27,43,47,9" hai3="101,2,109,29,24,84,93,33,116,77,51,65,135"/><W53/><G135/><T26/><D120/><U39/><E3/><V64/><F110/><W11/><G116/><T67/><D132/><U35/><E111/><V16/><F27/><W54/><G109/><T56/><D67/><U102/><E128/><V134/><F117/><W32/><G32/><T59/><D59/><U105/><E127/><V36/><F47/><W21/><G77/><T17/><D34/><U70/><E114/><V52/><F134/><W82/><G65/><T38/><D26/><N who="1" m="18839" /><E31/><V25/><F25/><W108/><G108/><T66/><D66/><N who="1" m="41287" /><E113/><V18/><F52/><W81/><G54/><T130/><D130/><U119/><E119/><V124/><F124/><W107/><G33/><T48/><D4/><U112/><E112/><V123/><F18/><W131/><G131/><T30/><D30/><U74/><E74/><V104/><F104/><W15/><G107/><T83/><D86/><U100/><E100/><V45/><F45/><W79/><G2/><T58/><D58/><U8/><E20/><V94/><REACH who="2" step="1"/><F123/><REACH who="2" ten="253,98,289,350" step="2"/><W41/><G53/><T96/><D55/><U129/><E129/><V99/><F99/><AGARI ba="0,1" hai="8,13,19,37,39,99,102,105" m="41287,18839" machi="99" ten="30,3900,0" yaku="25,1,52,2" doraHai="68" who="1" fromWho="2" sc="253,0,98,49,289,-39,350,0" /><INIT seed="4,0,0,1,2,108" ten="253,147,250,350" oya="0" hai0="8,76,42,94,100,123,29,34,82,78,111,14,130" hai1="15,65,118,90,21,38,59,129,9,3,117,120,99" hai2="85,68,121,39,72,58,17,79,55,50,134,77,132" hai3="48,106,103,125,98,1,20,84,49,51,56,35,7"/><T60/><D123/><U30/><E129/><V46/><F121/><W97/><G35/><T114/><D111/><U37/><E120/><V92/><F72/><W127/><G84/><T102/><D42/><U5/><E37/><V135/><F68/><W54/><G20/><T27/><D76/><U41/><E41/><V96/><F85/><W2/><G98/><T11/><D11/><U19/><E38/><V24/><F24/><W4/><G4/><T36/><D36/><U101/><E90/><V113/><F113/><W16/><G16/><T6/><D130/><U44/><E44/><V40/><REACH who="2" step="1"/><F17/><REACH who="2" ten="253,147,240,350" step="2"/><W88/><G125/><T74/><D114/><U107/><E30/><V115/><F115/><W81/><G127/><T104/><D104/><U26/><E26/><V126/><F126/><W47/><G106/><T10/><D94/><U70/><E70/><V116/><F116/><W71/><G71/><T128/><D128/><U18/><E18/><V69/><F69/><W63/><G81/><T52/><REACH who="0" step="1"/><D10/><REACH who="0" ten="243,147,240,350" step="2"/><U93/><E107/><V25/><F25/><W45/><G7/><T133/><D133/><U57/><E118/><V73/><F73/><W64/><G2/><T131/><D131/><U86/><E117/><V13/><F13/><W22/><G1/><T89/><D89/><AGARI ba="0,2" hai="39,40,46,50,55,58,77,79,89,92,96,132,134,135" machi="89" ten="40,2600,0" yaku="1,1,20,1,53,0" doraHai="108" doraHaiUra="61" who="2" fromWho="0" sc="243,-26,147,0,240,46,350,0" /><INIT seed="5,0,0,0,5,43" ten="217,147,286,350" oya="1" hai0="35,78,93,76,9,90,13,31,58,41,7,54,38" hai1="37,61,116,134,40,89,53,0,68,45,39,28,25" hai2="123,120,92,84,125,23,26,59,114,3,99,62,131" hai3="44,32,57,121,95,51,101,2,87,109,126,46,97"/><U106/><E0/><V14/><F3/><W60/><G109/><T111/><D111/><U118/><E134/><V65/><F131/><W113/><G121/><T77/><D35/><U5/><E5/><V47/><F125/><W11/><G32/><T86/><D31/><U71/><E37/><V128/><F114/><W94/><G126/><T56/><REACH who="0" step="1"/><D54/><REACH who="0" ten="207,147,286,350" step="2"/><U105/><E118/><V18/><F123/><W129/><G113/><T69/><D69/><U127/><E116/><V27/><F128/><W67/><G129/><T42/><D42/><U55/><E127/><V34/><F34/><W85/><G2/><T52/><D52/><U115/><E115/><V30/><F30/><W48/><G11/><T6/><D6/><U72/><E71/><V104/><F120/><W49/><G95/><T83/><D83/><U36/><E68/><V117/><F117/><W110/><G110/><T98/><D98/><U135/><E106/><V124/><F104/><W70/><G70/><T63/><D63/><U4/><E61/><V107/><F107/><W96/><G96/><T103/><D103/><U50/><E105/><V10/><F124/><W33/><G33/><T8/><D8/><U19/><E4/><V130/><F10/><W24/><G101/><T108/><D108/><U16/><E55/><V74/><F130/><W17/><G97/><T20/><D20/><U64/><E28/><V132/><F99/><W12/><G94/><T66/><D66/><U73/><E64/><V112/><F112/><W119/><G67/><T133/><D133/><U88/><E135/><V75/><F132/><RYUUKYOKU ba="0,1" sc="207,30,147,-10,286,-10,350,-10" hai0="7,9,13,38,41,56,58,76,77,78,86,90,93" /><INIT seed="6,1,1,3,4,45" ten="237,137,276,340" oya="2" hai0="86,21,25,85,126,37,94,53,68,81,121,47,102" hai1="11,38,13,123,101,64,18,24,60,29,111,118,74" hai2="42,116,31,91,48,125,67,61,41,95,55,78,30" hai3="127,110,83,56,17,19,130,58,119,120,97,57,106"/><V16/><F116/><W98/><G110/><T32/><D121/><U46/><E111/><V114/><F114/><W51/><G120/><T100/><D68/><U71/><E118/><V133/><F133/><W63/><G119/><T26/><D32/><U4/><E123/><V109/><F78/><W52/><G127/><T0/><D0/><U14/><E74/><V104/><F104/><W5/><G5/><T135/><D126/><U77/><E77/><V103/><F103/><N who="0" m="39466" /><D37/><U15/><E101/><V7/><F7/><W10/><G130/><T108/><D135/><U79/><E79/><V66/><F109/><W23/><G83/><T73/><D73/><U43/><REACH who="1" step="1"/><E4/><REACH who="1" ten="237,127,276,340" step="2"/><V6/><F6/><W107/><G107/><T70/><D108/><U87/><E87/><V2/><F125/><W49/><G98/><T34/><D85/><U131/><E131/><V69/><F91/><W39/><G97/><T113/><D86/><U96/><E96/><V80/><F80/><W88/><G88/><T129/><D81/><U62/><E62/><V134/><F95/><W124/><G63/><T84/><D94/><U90/><E90/><V122/><F122/><W28/><G106/><T44/><D84/><U132/><E132/><V20/><F134/><W93/><G93/><T12/><D129/><U3/><E3/><V50/><F2/><W33/><G124/><T1/><D1/><U40/><E40/><V36/><F42/><W22/><G28/><N who="2" m="10793" /><F41/><W112/><G112/><T92/><D92/><U105/><E105/><V117/><F117/><W75/><G75/><T65/><D113/><RYUUKYOKU ba="1,2" sc="237,-10,127,30,276,-10,340,-10" hai1="11,13,14,15,18,24,29,38,43,46,60,64,71" /><INIT seed="7,2,2,1,4,134" ten="227,157,266,330" oya="3" hai0="14,135,80,79,127,40,100,32,16,81,9,42,18" hai1="104,93,74,102,69,97,107,73,72,57,110,117,132" hai2="33,43,78,131,108,119,45,39,59,133,115,17,124" hai3="94,88,22,25,53,112,0,27,26,103,105,1,11"/><W48/><G105/><N who="1" m="40522" /><E57/><V55/><F108/><W111/><G103/><T3/><D135/><U114/><E69/><V51/><F33/><W121/><G121/><T47/><D32/><U56/><E56/><V95/><F119/><W62/><G112/><T35/><D35/><U118/><E132/><V2/><F115/><W83/><G83/><T52/><D3/><U10/><E10/><V24/><F78/><W90/><G90/><T101/><D18/><U75/><N who="1" m="18432" /><DORA hai="60" /><U6/><E6/><V71/><F2/><W65/><G111/><T116/><D116/><N who="1" m="44651" /><E114/><V28/><F59/><N who="3" m="37087" /><G1/><T31/><D31/><U38/><E38/><V50/><F71/><W130/><G0/><T89/><D9/><U44/><E44/><V66/><F45/><W58/><G11/><T96/><D47/><U12/><E12/><V20/><F39/><W87/><G27/><T36/><D14/><U37/><E37/><V49/><F55/><W77/><G26/><T126/><D52/><U84/><E84/><V29/><F24/><W123/><G58/><T4/><D4/><U76/><E76/><V67/><F29/><W92/><G53/><T98/><D36/><U19/><E19/><V61/><F17/><W125/><G25/><T68/><D16/><U15/><E15/><V91/><F28/><W5/><G5/><T13/><D13/><U128/><E110/><V82/><F61/><W41/><G77/><T120/><D79/><U85/><E85/><V86/><F86/><W30/><G87/><T70/><D68/><U63/><E63/><V23/><F133/><W122/><G30/><RYUUKYOKU ba="2,2" sc="227,-10,157,30,266,-10,330,-10" hai1="93,97,102,128" owari="217,-18.0,187,-31.0,256,6.0,340,43.0" /></mjloggm>