<mjloggm ver="2.3"><GO type="169" lobby="0"/><UN n0="%4D%E5%B0%82%E5%8B%99" n1="%62%6F%79%61%74%65%74%75" n2="%E3%81%AE%E3%81%AF%E3%81%A3%E3%81%A1" n3="%E3%81%84%E3%81%97%E3%81%A3%E3%81%93" dan="17,17,16,18" rate="2247.19,2185.05,2071.41,2270.97" sx="M,M,M,M"/><TAIKYOKU oya="0"/><INIT seed="0,0,0,1,2,91" ten="250,250,250,250" oya="0" hai0="21,7,131,2,51,129,68,6,101,49,83,114,18" hai1="100,13,41,0,93,50,3,87,120,54,118,107,112" hai2="85,105,123,10,95,61,56,132,34,55,69,86,38" hai3="102,119,97,30,74,19,117,90,125,109,110,104,106"/><T1/><D68/><U57/><E120/><V8/><F123/><W22/><G30/><T58/><D83/><U20/><E118/><V59/><F105/><W62/><G62/><T82/><D82/><U127/><E127/><V60/><F132/><W84/><G74/><T98/><D6/><U43/><E112/><V78/><F69/><W72/><G72/><T27/><D114/><U111/><E111/><N who="3" m="42506" /><G104/><T25/><D25/><U45/><E107/><V23/><F34/><W32/><G32/><T130/><D7/><U99/><E87/><V35/><F35/><W103/><G103/><T42/><D58/><U28/><E43/><V14/><F38/><W52/><G52/><T47/><REACH who="0" step="1"/><D49/><REACH who="0" ten="240,250,250,250" step="2"/><U64/><E57/><V66/><F56/><W81/><G125/><T65/><D65/><U48/><E64/><V17/><F66/><W135/><G135/><T116/><D116/><U128/><E48/><V88/><F61/><W53/><G53/><T39/><D39/><U26/><E54/><V73/><F73/><W75/><G75/><T133/><D133/><U113/><E113/><V16/><F17/><W121/><G121/><T70/><D70/><U12/><E50/><V9/><F78/><W36/><G36/><T11/><D11/><U67/><E67/><V44/><F44/><W63/><G63/><T134/><D134/><U46/><E46/><V5/><F5/><W15/><AGARI ba="0,1" hai="15,19,22,81,84,90,97,102,106,117,119" m="42506" machi="15" ten="30,1100,0" yaku="14,1" doraHai="91" who="3" fromWho="3" sc="240,-5,250,-3,250,-3,250,21" /><INIT seed="1,0,0,5,1,92" ten="235,247,247,271" oya="1" hai0="24,134,30,56,98,16,80,119,27,129,114,132,101" hai1="126,81,0,15,120,59,117,127,105,36,18,5,9" hai2="91,66,108,100,2,7,1,128,133,124,29,78,116" hai3="35,54,20,21,51,77,103,33,14,90,84,48,131"/><U25/><E120/><V88/><F116/><W79/><G131/><T106/><D119/><U109/><E36/><V93/><F128/><W58/><G103/><T22/><D129/><U107/><E117/><V113/><F108/><W26/><G33/><T10/><D114/><U17/><E109/><V70/><F124/><N who="1" m="47657" /><E81/><V76/><F133/><N who="0" m="51306" /><D80/><U55/><E25/><V115/><F29/><W102/><G35/><N who="0" m="20935" /><D56/><U28/><E28/><V64/><F93/><N who="3" m="54471" /><G102/><T89/><D10/><N who="1" m="6519" /><E17/><V125/><F125/><W104/><G104/><T43/><D89/><U37/><E37/><V111/><F100/><W52/><G14/><T42/><AGARI ba="0,0" hai="16,22,27,42,43,98,101,106" m="20935,51306" machi="42" ten="30,4000,0" yaku="20,1,52,1,54,1" doraHai="92" who="0" fromWho="0" sc="235,40,247,-20,247,-10,271,-10" /><INIT seed="2,0,0,2,1,87" ten="275,227,237,261" oya="2" hai0="61,89,109,35,45,90,1,100,49,15,39,31,18" hai1="91,27,85,69,83,107,52,130,86,76,68,129,34" hai2="46,7,75,17,122,119,16,97,99,10,82,4,6" hai3="94,33,106,54,60,2,23,115,118,124,38,65,26"/><V50/><F119/><W73/><G106/><T19/><D1/><U93/><E107/><V88/><F122/><W14/><G73/><T53/><D109/><U42/><E42/><V25/><F75/><W121/><G38/><T58/><D39/><U103/><E103/><V70/><F70/><W3/><G121/><T28/><D100/><U111/><E111/><V64/><F64/><W116/><G2/><T24/><D31/><U62/><E27/><V9/><F99/><W92/><G3/><T101/><D101/><U79/><E34/><V57/><F57/><W81/><G92/><T37/><D19/><N who="2" m="7242" /><F25/><W48/><G14/><T123/><D37/><U120/><E120/><V98/><F98/><W51/><G65/><T135/><D135/><U13/><E13/><V125/><F125/><W36/><G36/><T112/><D112/><U127/><E127/><V74/><F74/><W22/><G26/><T77/><D77/><U126/><E76/><V114/><F114/><W59/><G33/><T8/><REACH who="0" step="1"/><D123/><REACH who="0" ten="265,227,237,261" step="2"/><U105/><E126/><V47/><F47/><W21/><G124/><T12/><D12/><U29/><E105/><V55/><F82/><W66/><G115/><T20/><D20/><U134/><E83/><V84/><F84/><W0/><G81/><T56/><D56/><U110/><E86/><V71/><F71/><N who="3" m="42439" /><G0/><T43/><AGARI ba="0,1" hai="8,15,18,24,28,35,43,45,49,53,58,61,89,90" machi="43" ten="20,8000,1" yaku="1,1,0,1,7,1,52,2,53,0" doraHai="87" doraHaiUra="104" who="0" fromWho="0" sc="265,90,227,-20,237,-40,261,-20" /><INIT seed="3,0,0,2,3,32" ten="355,207,197,241" oya="3" hai0="82,41,73,13,23,29,50,81,3,75,102,124,78" hai1="127,92,55,48,24,133,60,109,84,126,39,67,106" hai2="108,101,12,98,77,72,116,131,14,68,87,130,43" hai3="56,112,30,19,79,51,125,53,132,65,1,42,7"/><W119/><G119/><T17/><D124/><U89/><E106/><V6/><F116/><W58/><G112/><T34/><D102/><U21/><E39/><V15/><F68/><W69/><G125/><T66/><D66/><U54/><E133/><V36/><F108/><W40/><G132/><T61/><D61/><U117/><E109/><V59/><F59/><W26/><G69/><T96/><D96/><U33/><E33/><V11/><F87/><W28/><G79/><T70/><D70/><U123/><E123/><V8/><F98/><W110/><G110/><T100/><D100/><U104/><E104/><V64/><F64/><W88/><G88/><T113/><D29/><U63/><E117/><V71/><F101/><W5/><G19/><T31/><D31/><U57/><E63/><V99/><F99/><W97/><G97/><T74/><D34/><U25/><E126/><V85/><F85/><W107/><G1/><T80/><D3/><U10/><E127/><V16/><F71/><W90/><G90/><T38/><D38/><U121/><E89/><V49/><F49/><W2/><G2/><T46/><D113/><U45/><E48/><V93/><F93/><W122/><G122/><T118/><D118/><U22/><E121/><V4/><F15/><W120/><G120/><T35/><D35/><U18/><E92/><V27/><F27/><W128/><G26/><T52/><D78/><U47/><E25/><V129/><F43/><N who="3" m="16427" /><G107/><T105/><D105/><U76/><E24/><V94/><F36/><W37/><G37/><N who="0" m="21807" /><D73/><U20/><E76/><V44/><F72/><RYUUKYOKU ba="0,0" sc="355,30,207,-10,197,-10,241,-10" hai0="13,17,23,50,52,74,75,80,81,82" /><INIT seed="4,1,0,2,4,102" ten="385,197,187,231" oya="0" hai0="22,29,71,122,47,14,79,121,99,73,90,68,1" hai1="57,77,7,23,9,54,78,24,16,106,20,40,3" hai2="49,60,131,125,41,39,129,109,35,36,66,28,94" hai3="42,48,103,44,46,8,2,64,123,17,85,70,104"/><T93/><D1/><U108/><E108/><V74/><F74/><W31/><G31/><T87/><D71/><U26/><E40/><V11/><F35/><W96/><G123/><T15/><D68/><U69/><E69/><N who="2" m="42183" /><F28/><W100/><G100/><T130/><D130/><N who="2" m="49674" /><F11/><W127/><G127/><T34/><D34/><U92/><E106/><V115/><F94/><W132/><G132/><T126/><D126/><U32/><E32/><V72/><F72/><W51/><G85/><T135/><D73/><U18/><REACH who="1" step="1"/><E92/><REACH who="1" ten="385,187,187,231" step="2"/><V105/><F105/><W98/><G70/><T128/><D128/><U117/><E117/><V75/><F125/><W5/><G104/><T53/><D122/><U30/><E30/><V63/><F109/><W101/><G42/><T43/><D43/><U81/><E81/><V58/><F115/><W111/><G111/><T4/><D121/><U13/><E13/><V112/><F112/><W27/><G2/><T95/><D15/><U107/><E107/><V80/><F80/><W33/><G33/><T56/><D95/><U116/><E116/><V61/><F75/><W55/><G27/><T38/><D29/><U19/><E19/><V89/><F41/><W25/><G17/><T84/><D14/><U133/><E133/><V45/><F36/><W91/><G25/><T114/><D38/><U0/><E0/><V67/><F39/><W110/><G110/><T65/><D135/><U21/><E21/><V50/><F61/><AGARI ba="1,1" hai="3,7,9,16,18,20,23,24,26,54,57,61,77,78" machi="61" ten="30,7700,0" yaku="1,1,7,1,9,1,54,1,53,0" doraHai="102" doraHaiUra="82" who="1" fromWho="2" sc="385,0,187,90,187,-80,231,0" /><INIT seed="5,0,0,1,0,92" ten="385,277,107,231" oya="1" hai0="108,88,59,99,132,133,56,40,3,54,82,23,16" hai1="96,43,130,30,65,49,22,85,13,110,53,68,60" hai2="134,36,111,113,100,62,38,18,123,75,90,114,117" hai3="122,125,126,86,1,44,135,71,93,79,84,19,34"/><U69/><E130/><V95/><F111/><W42/><G71/><T57/><D3/><U87/><E110/><V80/><F117/><W29/><G1/><T72/><D40/><U131/><E69/><V89/><F123/><W15/><G122/><T10/><D10/><U91/><E131/><V105/><F62/><W14/><G14/><T101/><D108/><U64/><E43/><V58/><F58/><W52/><G79/><T118/><D118/><U127/><E127/><V39/><F18/><W76/><G76/><T46/><D46/><U8/><E64/><V0/><F0/><W119/><G52/><T112/><D72/><U35/><E35/><V50/><F50/><W31/><G135/><N who="0" m="51787" /><D112/><N who="2" m="43114" /><F105/><W33/><G31/><T37/><D37/><N who="2" m="9474" /><V9/><DORA hai="129" /><F9/><W106/><G106/><N who="0" m="63807" /><D54/><U51/><E53/><V83/><F134/><W20/><G119/><T115/><D115/><U27/><E8/><V67/><F67/><W120/><G120/><T11/><D11/><U109/><E109/><V78/><F80/><W124/><G29/><T104/><D104/><U24/><E30/><V4/><F4/><W102/><G44/><T107/><D107/><U28/><E28/><V63/><F63/><W77/><G34/><T5/><D5/><U61/><E61/><V66/><F66/><W47/><G33/><T98/><D82/><U73/><E65/><V74/><F74/><W7/><G7/><T41/><D41/><U45/><E73/><V32/><F32/><W6/><G6/><T12/><D57/><U17/><E45/><V2/><F2/><W70/><G125/><RYUUKYOKU ba="0,0" sc="385,15,277,-15,107,15,231,-15" hai0="12,16,23,56,59,88,98" hai2="75,78,83,89,90,95,100" /><INIT seed="6,1,0,4,1,29" ten="400,262,122,216" oya="2" hai0="21,91,5,56,134,121,40,117,124,53,61,66,131" hai1="17,116,7,127,129,96,112,11,97,113,107,30,89" hai2="109,6,42,108,88,68,115,65,41,32,90,3,43" hai3="36,79,114,10,122,71,34,72,104,83,4,0,52"/><V24/><F115/><W102/><G122/><T106/><D121/><U20/><E116/><V77/><F77/><W47/><G114/><T14/><D117/><U82/><E30/><N who="2" m="19527" /><F6/><W49/><G71/><T94/><D106/><U135/><E82/><V19/><F3/><W55/><G34/><T111/><D40/><U63/><E89/><V15/><F65/><W51/><G36/><T80/><D80/><U44/><E7/><V105/><F68/><W75/><G104/><T93/><D93/><U123/><E123/><V100/><F100/><W16/><G102/><T31/><D31/><U38/><E38/><V98/><F98/><W62/><G62/><T78/><D94/><U103/><E63/><V76/><F76/><W99/><G99/><T39/><D91/><U45/><E97/><V119/><F119/><W118/><G118/><T33/><D33/><U58/><E96/><V128/><F105/><W130/><G16/><T69/><D21/><U73/><E20/><N who="2" m="11391" /><F128/><W18/><G18/><T74/><D131/><U26/><E129/><V85/><F85/><W81/><G130/><T8/><D78/><U95/><E107/><V48/><F48/><W70/><G70/><T101/><D74/><U86/><E73/><V46/><F46/><W54/><G51/><T23/><D39/><U132/><E112/><V27/><F27/><W2/><G0/><T28/><D101/><U57/><E103/><V22/><F22/><W12/><G2/><T64/><D69/><U87/><E26/><V37/><F37/><W25/><G25/><T126/><D66/><U92/><E113/><RYUUKYOKU ba="1,0" sc="400,-15,262,-15,122,15,216,15" hai2="41,42,43,88,90,108,109" hai3="4,10,12,47,49,52,54,55,72,75,79,81,83" /><INIT seed="6,2,0,0,2,116" ten="385,247,137,231" oya="2" hai0="98,91,59,14,117,30,86,110,33,78,34,48,42" hai1="23,81,111,79,77,82,18,119,3,32,66,16,112" hai2="96,105,37,126,31,71,50,74,88,94,38,46,9" hai3="44,60,102,21,35,80,1,122,76,57,114,17,8"/><V49/><F126/><W13/><G35/><T61/><D110/><U15/><E119/><V133/><F133/><W115/><G102/><T64/><D117/><U62/><E3/><V83/><F71/><W128/><G44/><T132/><D132/><U123/><E32/><V134/><F134/><W84/><G128/><T6/><D30/><U28/><E28/><V11/><F31/><W36/><G36/><T10/><D98/><U45/><E45/><V72/><F105/><W56/><G122/><T40/><D78/><U26/><E112/><N who="3" m="43050" /><G60/><T97/><D97/><U20/><E111/><V92/><F46/><W68/><G68/><T107/><D107/><U51/><E51/><V127/><F96/><W104/><G104/><T70/><D34/><U55/><E123/><V90/><REACH who="2" step="1"/><F127/><REACH who="2" ten="385,247,127,231" step="2"/><W4/><AGARI ba="2,1" hai="1,4,8,13,17,21,56,57,76,80,84" m="43050" machi="4" ten="30,2000,0" yaku="15,1,11,1" doraHai="116" who="3" fromWho="3" sc="385,-7,247,-7,127,-12,231,36" /><INIT seed="7,0,0,2,3,126" ten="378,240,115,267" oya="3" hai0="110,49,22,91,27,26,79,121,125,51,32,40,25" hai1="71,114,55,15,24,29,135,63,86,34,37,8,7" hai2="117,94,113,128,81,68,118,69,130,11,88,53,96" hai3="112,47,85,119,16,109,131,104,21,90,0,54,12"/><W102/><G119/><N who="2" m="45577" /><F11/><W38/><G109/><T56/><D121/><U19/><E37/><V50/><F81/><W44/><G0/><T111/><D125/><U60/><E135/><V124/><F124/><W105/><G112/><T33/><D79/><U83/><E114/><V48/><F113/><W122/><G122/><T101/><D101/><U133/><E133/><V127/><F127/><W17/><G102/><T52/><D22/><U97/><E97/><V106/><F106/><W36/><G36/><T98/><D33/><U2/><E71/><V82/><F82/><W132/><G47/><N who="0" m="25831" /><D32/><U100/><E55/><V58/><F48/><W107/><G17/><T45/><D111/><U129/><E100/><V61/><F50/><W42/><G54/><T95/><D110/><U64/><E2/><V75/><F75/><W77/><G77/><T65/><D65/><U99/><E7/><V103/><F103/><W72/><G72/><T92/><D92/><U1/><E1/><V66/><F66/><W23/><G23/><T78/><D78/><U13/><E64/><V70/><F96/><W115/><G115/><T18/><D18/><U43/><E99/><V62/><F94/><W9/><G9/><T46/><AGARI ba="0,0" hai="25,26,27,45,46,51,52,56,91,95,98" m="25831" machi="46" ten="30,2000,0" yaku="8,1,54,1" doraHai="126" who="0" fromWho="0" sc="378,20,240,-5,115,-5,267,-10" owari="398,49.0,235,-16.0,110,-39.0,257,6.0" /></mjloggm>