<mjloggm ver="2.3"><GO type="169" lobby="0"/><UN n0="%E7%81%AB%E9%9C%8A%E5%A4%A2" n1="%E3%81%93%E3%81%A6%E3%82%8B" n2="%E5%A4%8F%E3%81%AA%E3%81%AE%E3%81%AB" n3="%41%4F%54" dan="17,17,17,16" rate="2231.02,2192.24,2191.61,2127.74" sx="M,M,M,M"/><TAIKYOKU oya="0"/><INIT seed="0,0,0,3,3,15" ten="250,250,250,250" oya="0" hai0="56,26,123,12,60,62,86,22,35,24,101,122,46" hai1="67,28,79,52,7,20,3,118,106,120,115,50,34" hai2="0,99,96,104,39,105,90,59,116,69,113,55,2" hai3="6,8,131,110,94,47,17,14,81,73,130,74,5"/><T41/><D62/><U57/><E118/><V128/><F69/><W87/><G110/><T78/><D101/><U16/><E120/><V33/><F113/><W4/><G47/><T124/><D124/><U98/><E115/><V132/><F39/><W38/><G38/><T58/><D58/><U49/><E34/><V91/><F33/><W84/><G94/><T112/><D112/><U75/><E28/><V121/><F59/><W66/><G66/><T30/><D12/><U134/><E134/><V107/><F132/><W68/><G68/><T27/><D86/><U72/><E67/><V43/><F43/><W51/><G51/><T117/><D78/><U1/><E50/><V44/><F44/><W135/><G135/><T100/><D100/><U109/><E109/><V21/><F21/><W92/><G92/><T63/><D117/><U25/><E79/><V18/><F116/><W83/><G74/><T48/><D27/><U102/><REACH who="1" step="1"/><E7/><REACH who="1" ten="250,240,250,250" step="2"/><V13/><F121/><W80/><REACH who="3" step="1"/><G73/><AGARI ba="0,1" hai="1,3,16,20,25,49,52,57,72,73,75,98,102,106" machi="73" ten="40,12000,2" yaku="1,1,2,1,52,1,54,2,53,2" doraHai="15" doraHaiUra="32" who="1" fromWho="3" sc="250,0,240,130,250,0,250,-120" /><INIT seed="1,0,0,4,5,132" ten="250,370,250,130" oya="1" hai0="72,126,13,39,89,110,104,131,22,6,90,98,68" hai1="1,105,96,33,129,8,102,7,29,41,48,99,56" hai2="46,133,80,69,135,84,44,43,130,63,5,134,4" hai3="78,87,95,20,59,94,60,81,79,88,30,112,32"/><U118/><E118/><V106/><F106/><W24/><G112/><T61/><D72/><U119/><E119/><V50/><F130/><W49/><G32/><T11/><D131/><U18/><E129/><V57/><F69/><W111/><G111/><T9/><D39/><U114/><E114/><V82/><F46/><W45/><G94/><T71/><D110/><U17/><E99/><V12/><F12/><W47/><G47/><T26/><D9/><U122/><E122/><V34/><F34/><W35/><G35/><T14/><D14/><U54/><REACH who="1" step="1"/><E41/><REACH who="1" ten="250,360,250,130" step="2"/><V113/><F113/><W3/><G3/><T116/><D98/><U42/><E42/><V31/><F133/><W53/><REACH who="3" step="1"/><G81/><REACH who="3" ten="250,360,250,120" step="2"/><T100/><D116/><U2/><E2/><V97/><F82/><W0/><G0/><T23/><D104/><U19/><E19/><V127/><F134/><W83/><G83/><T77/><D6/><U74/><E74/><V91/><F135/><W25/><G25/><AGARI ba="0,2" hai="1,7,8,17,18,25,29,33,48,54,56,96,102,105" machi="25" ten="40,2000,0" yaku="1,1,53,0" doraHai="132" doraHaiUra="123" who="1" fromWho="3" sc="250,0,360,40,250,0,120,-20" /><INIT seed="1,1,0,0,2,71" ten="250,400,250,100" oya="1" hai0="11,27,32,66,64,49,10,84,104,69,109,60,2" hai1="45,119,65,102,73,133,58,12,29,21,101,118,41" hai2="30,87,19,100,122,120,121,89,117,125,75,107,79" hai3="34,24,95,1,106,46,123,126,80,111,6,9,108"/><U17/><E133/><V40/><F30/><N who="3" m="19783" /><G106/><T105/><D66/><U57/><E73/><V0/><F117/><W53/><G123/><T98/><D105/><U92/><E119/><V8/><F40/><W42/><G126/><T70/><D70/><U28/><E118/><V62/><F125/><W67/><G67/><T99/><D99/><U97/><E102/><V128/><F62/><W61/><G95/><T38/><D109/><N who="3" m="42057" /><G80/><T134/><D134/><U50/><REACH who="1" step="1"/><E58/><REACH who="1" ten="250,390,250,100" step="2"/><V39/><F100/><W56/><G46/><T35/><D69/><U22/><E22/><V36/><F75/><W93/><G93/><T82/><D35/><U31/><E31/><V13/><F107/><W14/><G42/><T115/><D32/><U47/><E47/><V3/><F122/><W4/><G4/><T114/><D104/><U103/><E103/><V81/><F121/><W113/><G113/><T83/><D114/><U18/><E18/><V91/><F19/><W77/><G77/><T135/><D115/><U110/><E110/><V63/><F120/><W55/><G55/><T127/><D135/><U43/><E43/><V132/><F132/><W85/><G85/><T37/><D84/><U94/><E94/><V96/><F79/><W16/><G16/><T44/><D44/><U33/><E33/><V25/><F87/><W68/><G68/><T74/><D74/><U78/><E78/><V15/><F96/><W5/><G5/><T131/><D98/><U52/><E52/><V72/><F72/><W26/><G26/><T7/><D27/><U90/><E90/><V20/><F25/><RYUUKYOKU ba="1,1" sc="250,-15,390,15,250,-15,100,15" hai1="12,17,21,28,29,41,45,50,57,65,92,97,101" hai3="1,6,9,14,53,56,61" /><INIT seed="1,2,1,3,1,125" ten="235,405,235,115" oya="1" hai0="131,124,55,128,121,15,37,64,113,62,118,36,59" hai1="28,5,77,86,9,31,69,119,84,115,110,91,22" hai2="27,108,103,43,94,99,35,97,56,26,134,50,19" hai3="73,101,24,117,13,81,60,107,102,12,67,70,41"/><U17/><E119/><V89/><F134/><W8/><G117/><T114/><D118/><U76/><E115/><N who="0" m="44041" /><D15/><U53/><E69/><V11/><F108/><W49/><G12/><T65/><D124/><U66/><E66/><N who="0" m="25705" /><D121/><U3/><E110/><V38/><F38/><AGARI ba="2,1" hai="36,37,38,55,59,62,128,131" m="25705,44041" machi="38" ten="40,8000,1" yaku="34,2,52,2" doraHai="125" who="0" fromWho="2" sc="235,96,405,0,235,-86,115,0" /><INIT seed="2,0,0,5,3,42" ten="331,405,149,115" oya="2" hai0="23,30,0,13,25,71,119,61,89,65,8,64,88" hai1="82,116,102,68,16,9,99,15,90,2,121,115,80" hai2="56,95,77,12,49,52,98,20,10,3,40,133,122" hai3="113,27,129,126,87,78,6,92,67,63,14,39,100"/><V84/><F133/><W60/><G126/><T106/><D119/><U127/><E116/><V21/><F122/><W104/><G39/><T134/><D134/><U117/><E117/><V128/><F3/><W132/><G129/><T93/><D0/><U29/><E115/><V38/><F38/><W59/><G113/><T31/><D106/><U86/><E127/><V111/><F128/><W91/><G78/><T108/><D108/><U72/><E2/><V103/><F111/><W32/><G132/><T51/><D65/><U44/><E68/><V73/><F73/><W110/><G110/><T43/><D31/><U130/><E130/><V5/><REACH who="2" step="1"/><F40/><REACH who="2" ten="331,405,139,115" step="2"/><W41/><G41/><T75/><D75/><U55/><E121/><V4/><F4/><W66/><G6/><T22/><D43/><U36/><E72/><V105/><F105/><W24/><G104/><T19/><D51/><N who="1" m="29159" /><E36/><V26/><F26/><W81/><G24/><T35/><REACH who="0" step="1"/><D89/><REACH who="0" ten="321,405,139,115" step="2"/><U114/><E114/><V62/><F62/><W74/><G60/><T107/><D107/><U48/><E48/><V120/><F120/><W1/><G63/><T70/><D70/><U83/><E29/><V45/><F45/><W34/><G91/><T124/><D124/><U123/><E123/><V112/><F112/><W46/><G46/><T28/><D28/><U7/><E7/><V96/><F96/><AGARI ba="0,2" hai="8,13,19,22,23,25,30,35,61,64,71,88,93,96" machi="96" ten="30,3900,0" yaku="1,1,7,1,54,1,53,0" doraHai="42" doraHaiUra="79" who="0" fromWho="2" sc="321,59,405,0,139,-39,115,0" /><INIT seed="3,0,0,1,1,128" ten="380,405,100,115" oya="3" hai0="95,53,101,83,18,108,116,43,67,41,37,122,105" hai1="123,75,104,106,60,28,129,6,23,57,7,110,119" hai2="80,12,58,70,113,90,118,31,11,9,77,81,112" hai3="76,61,65,46,84,86,78,47,29,89,135,74,19"/><W94/><G74/><T16/><D116/><U99/><E110/><V66/><F70/><W13/><G29/><T42/><D37/><U111/><E111/><V50/><F118/><W121/><G121/><T59/><D105/><U73/><E119/><V88/><F31/><W2/><G2/><T127/><D108/><U69/><E69/><V64/><F50/><W134/><G46/><T114/><D127/><U131/><E123/><V8/><F12/><W71/><G47/><T109/><D109/><U93/><E73/><V132/><F9/><W20/><REACH who="3" step="1"/><G84/><REACH who="3" ten="380,405,100,105" step="2"/><T100/><D122/><U72/><E75/><V82/><F113/><W5/><G5/><T27/><D114/><U45/><E72/><V52/><F112/><W115/><G115/><T107/><D18/><U39/><E7/><V44/><F44/><W30/><G30/><T125/><D16/><U32/><E6/><V102/><F77/><AGARI ba="0,1" hai="13,19,20,61,65,71,76,77,78,86,89,94,134,135" machi="77" ten="40,12000,1" yaku="1,1,52,2,53,1" doraHai="128" doraHaiUra="91" who="3" fromWho="2" sc="380,0,405,0,100,-120,105,130" owari="380,18.0,405,50.0,-20,-52.0,235,-16.0" /></mjloggm>