<mjloggm ver="2.3"><GO type="169" lobby="0"/><UN n0="%69%54%65%6E%68%6F%75" n1="%E8%A6%9A%E9%86%92%E3%81%97%E3%81%9F%E3%81%A8%E3%81%BE%E3%81%A8" n2="%42%4F%53%23%31%31" n3="%E5%8D%97%E6%96%97%E3%82%B7%E3%83%B3" dan="16,17,17,17" rate="2183.71,2174.07,2178.90,2169.80" sx="M,M,M,M"/><TAIKYOKU oya="0"/><INIT seed="0,0,0,3,2,90" ten="250,250,250,250" oya="0" hai0="4,100,23,131,60,36,52,115,14,11,30,78,49" hai1="20,35,109,119,43,42,59,57,118,93,84,7,85" hai2="124,63,47,116,125,89,56,108,5,24,64,113,97" hai3="53,134,82,3,77,46,16,121,81,45,33,51,122"/><T101/><D115/><U2/><E20/><V17/><F113/><W123/><G134/><T44/><D131/><U37/><E7/><V39/><F108/><W73/><G33/><T74/><D36/><U72/><E35/><V13/><F116/><W112/><G112/><T102/><D74/><U12/><E12/><V50/><F24/><W41/><G3/><T104/><D104/><U98/><E98/><V127/><F39/><W22/><G82/><T111/><D111/><U25/><E37/><V92/><F5/><W106/><G106/><T69/><D78/><U105/><E105/><V10/><REACH who="2" step="1"/><F127/><REACH who="2" ten="250,250,240,250" step="2"/><W66/><G66/><T28/><REACH who="0" step="1"/><D23/><REACH who="0" ten="240,250,240,250" step="2"/><U91/><E109/><V70/><F70/><W1/><G123/><T40/><D40/><AGARI ba="0,2" hai="10,13,17,40,47,50,56,63,64,89,92,97,124,125" machi="40" ten="40,5200,0" yaku="1,1,52,1,53,1" doraHai="90" doraHaiUra="88" who="2" fromWho="0" sc="240,-52,250,0,240,72,250,0" /><INIT seed="1,0,0,2,0,135" ten="188,250,312,250" oya="1" hai0="129,130,11,16,63,131,76,39,21,91,102,71,17" hai1="20,69,4,18,31,68,25,92,9,86,117,74,24" hai2="75,52,85,79,51,107,50,29,28,60,3,70,105" hai3="6,78,13,61,67,7,98,101,82,22,110,127,97"/><U14/><E117/><V121/><F75/><W81/><G110/><T36/><D102/><U114/><E74/><V112/><F3/><W10/><G22/><T15/><D76/><U12/><E114/><V1/><F1/><W41/><G41/><T120/><D120/><U93/><E12/><V125/><F70/><W35/><G35/><T34/><D34/><U55/><E55/><V96/><F60/><W99/><G6/><T126/><D91/><U133/><E133/><V53/><F85/><W19/><G7/><T64/><REACH who="0" step="1"/><D126/><REACH who="0" ten="178,250,312,250" step="2"/><U106/><E106/><V43/><F79/><W62/><G127/><T30/><D30/><U23/><REACH who="1" step="1"/><E93/><REACH who="1" ten="178,240,312,250" step="2"/><V66/><F107/><W5/><G101/><T47/><D47/><U44/><E44/><V65/><F105/><W118/><G118/><T2/><D2/><U132/><E132/><V108/><F112/><W84/><G82/><T103/><D103/><U27/><E27/><AGARI ba="0,2" hai="11,15,16,17,21,27,36,39,63,64,71,129,130,131" machi="27" ten="40,5200,0" yaku="1,1,19,1,54,1,53,0" doraHai="135" doraHaiUra="89" who="0" fromWho="1" sc="178,72,240,-52,312,0,250,0" /><INIT seed="2,0,0,1,1,19" ten="250,188,312,250" oya="2" hai0="9,30,0,99,33,59,102,125,5,15,66,13,114" hai1="25,116,76,89,65,28,79,111,121,87,123,55,105" hai2="131,98,12,80,112,42,41,133,88,95,44,128,110" hai3="129,60,52,108,18,64,16,94,118,100,122,132,71"/><V107/><F112/><W92/><G118/><T82/><D114/><U6/><E116/><V53/><F133/><W43/><G122/><N who="1" m="46602" /><E111/><V85/><F110/><W51/><G108/><T24/><D125/><U47/><E105/><V4/><F107/><W39/><G132/><T21/><D82/><N who="1" m="49399" /><E6/><V84/><F84/><W113/><G113/><T17/><D59/><U2/><E2/><V68/><F68/><W45/><G129/><N who="2" m="49737" /><F53/><W73/><G73/><T29/><D29/><U70/><E70/><V56/><F56/><N who="3" m="32799" /><G100/><T134/><D134/><U75/><E75/><V31/><F44/><W97/><G97/><T69/><D69/><U8/><E65/><V32/><F32/><W126/><G126/><T58/><D58/><U49/><E8/><N who="2" m="4103" /><F31/><W124/><G124/><T106/><REACH who="0" step="1"/><D66/><REACH who="0" ten="240,188,312,250" step="2"/><U48/><E48/><V90/><AGARI ba="0,1" hai="41,42,80,85,88,90,95,98" m="4103,49737" machi="90" ten="30,3000,0" yaku="19,1,54,1" doraHai="19" who="2" fromWho="2" sc="240,-10,188,-10,312,40,250,-10" /><INIT seed="2,1,0,2,2,45" ten="230,178,352,240" oya="2" hai0="88,104,126,112,53,19,94,2,35,129,10,9,0" hai1="27,37,87,78,12,50,122,97,30,127,98,59,3" hai2="28,7,131,107,36,8,69,115,68,91,83,95,108" hai3="64,24,118,71,106,33,18,21,58,82,75,128,123"/><V16/><F115/><W31/><G118/><T130/><D112/><U81/><E3/><V46/><F28/><W76/><G123/><T99/><D104/><U79/><E37/><V111/><F107/><W4/><G128/><N who="0" m="49259" /><D126/><U132/><E127/><V6/><F83/><W29/><G106/><T61/><D35/><U26/><E132/><V39/><F131/><W32/><G71/><T48/><D61/><U86/><E122/><V116/><F116/><W92/><G4/><N who="2" m="1577" /><F68/><W15/><G92/><T23/><D0/><U44/><E59/><V113/><F69/><W56/><REACH who="3" step="1"/><G64/><REACH who="3" ten="230,178,352,230" step="2"/><T25/><D2/><U109/><E109/><N who="2" m="42059" /><F113/><W1/><G1/><T117/><D117/><U89/><E98/><N who="2" m="57727" /><F46/><AGARI ba="1,1" hai="9,10,19,23,25,46,48,53,88,94,99" m="49259" machi="46" ten="30,3900,0" yaku="19,1,52,1,54,1" doraHai="45" who="0" fromWho="2" sc="230,52,178,0,352,-42,230,0" /><INIT seed="3,0,0,5,2,65" ten="282,178,310,230" oya="3" hai0="83,79,21,42,113,90,132,72,69,24,116,118,64" hai1="86,95,130,134,6,120,52,20,73,13,10,14,27" hai2="119,80,135,109,48,30,89,124,115,71,105,61,0" hai3="31,93,100,112,2,59,82,22,122,49,23,108,43"/><W17/><G112/><T28/><D132/><U3/><E73/><V123/><RYUUKYOKU type="yao9" ba="0,0" sc="282,0,178,0,310,0,230,0" hai2="0,30,48,61,71,80,89,105,109,115,119,123,124,135" /><INIT seed="3,1,0,4,4,28" ten="282,178,310,230" oya="3" hai0="109,35,59,105,119,126,64,6,79,101,80,57,18" hai1="125,111,133,67,85,131,69,42,12,81,115,33,50" hai2="65,46,104,112,45,96,49,84,8,38,108,13,56" hai3="55,106,66,2,52,41,61,132,32,87,88,29,60"/><W5/><G132/><T3/><D119/><U10/><E115/><V116/><F116/><W90/><G106/><T102/><D109/><U114/><E133/><V92/><F108/><W4/><G41/><T17/><D126/><U58/><E114/><V43/><F104/><W15/><G2/><T98/><D102/><U47/><E125/><V110/><F110/><W94/><G29/><T27/><D6/><N who="3" m="2665" /><G32/><T37/><D37/><U53/><E131/><V93/><F112/><W31/><G31/><N who="0" m="19967" /><D3/><U0/><E0/><V78/><F38/><W129/><G129/><T118/><D57/><U70/><E111/><V16/><F46/><W21/><G66/><T9/><D9/><U44/><E33/><V86/><F78/><W120/><G120/><T123/><D123/><U97/><E97/><V1/><F92/><W122/><G122/><T71/><D59/><U103/><E103/><N who="2" m="60815" /><F1/><W95/><G15/><T75/><D118/><U68/><E67/><V40/><F40/><W7/><N who="3" m="2673" /><W20/><DORA hai="22" /><G20/><T25/><D25/><U14/><E10/><V128/><F128/><W48/><G21/><T117/><D117/><U100/><E100/><V54/><F43/><W91/><G91/><T89/><D89/><U24/><E68/><V23/><F23/><W113/><G113/><T121/><D121/><U36/><E69/><V135/><F135/><W39/><G39/><T51/><D51/><U34/><E70/><V72/><F8/><W99/><G55/><T26/><D26/><U73/><E24/><V74/><F54/><W134/><G134/><T76/><D76/><RYUUKYOKU ba="1,0" sc="282,15,178,-15,310,-15,230,15" hai0="17,18,64,71,75,79,80,98,101,105" hai3="48,52,60,61,87,88,90,94,95,99" /><INIT seed="3,2,0,0,5,108" ten="297,163,295,245" oya="3" hai0="80,113,23,28,64,85,107,32,118,94,104,60,21" hai1="42,87,49,0,127,34,90,43,69,30,41,114,134" hai2="12,96,126,29,63,25,4,116,26,123,86,45,57" hai3="72,122,120,109,54,133,106,56,37,130,13,119,27"/><W83/><G119/><T50/><D118/><U112/><E69/><V124/><F116/><W8/><G106/><T100/><D32/><U2/><E127/><N who="2" m="48683" /><F123/><W48/><G37/><T115/><D50/><U22/><E34/><V103/><F86/><W101/><G101/><T39/><D39/><U105/><E105/><N who="2" m="63719" /><F45/><W53/><G109/><T58/><D94/><N who="1" m="54623" /><E49/><V38/><F38/><W71/><G71/><T46/><D46/><U51/><E51/><V35/><F35/><W92/><G92/><T73/><D73/><U70/><E70/><V129/><F29/><W55/><G83/><T102/><D107/><U91/><E91/><V15/><F129/><W47/><G72/><T61/><D61/><U6/><E6/><V84/><F84/><W16/><G130/><T97/><D102/><U121/><E121/><V66/><F4/><W14/><G120/><T33/><D33/><U17/><E30/><V24/><AGARI ba="2,0" hai="12,15,24,25,26,57,63,66" m="63719,48683" machi="24" ten="30,1100,0" yaku="18,1" doraHai="108" who="2" fromWho="2" sc="297,-5,163,-5,295,17,245,-7" /><INIT seed="4,0,0,1,2,122" ten="292,158,312,238" oya="0" hai0="118,7,74,107,105,83,70,81,80,6,43,34,96" hai1="68,45,35,125,1,14,47,33,53,39,58,67,110" hai2="5,84,72,42,21,15,60,128,104,50,121,63,97" hai3="89,135,88,69,116,73,61,111,66,92,28,37,10"/><T4/><D118/><U75/><E1/><V120/><F72/><W101/><G116/><T103/><D74/><U54/><E125/><V115/><F63/><W109/><G73/><T32/><D43/><U77/><E14/><V112/><F128/><W93/><G37/><T2/><D2/><U132/><E132/><V94/><F84/><W86/><G101/><T44/><D44/><U11/><E11/><N who="2" m="4591" /><F104/><W119/><G119/><T22/><D22/><U19/><E19/><V24/><F60/><W38/><G38/><T16/><D16/><U30/><E30/><N who="2" m="17679" /><F50/><W123/><G123/><T26/><D70/><U12/><E77/><V36/><F42/><W3/><G28/><T46/><D46/><U133/><E75/><V51/><F51/><W17/><G135/><T127/><D127/><U126/><E133/><V8/><F8/><W99/><REACH who="3" step="1"/><G17/><REACH who="3" ten="292,158,312,228" step="2"/><T71/><D34/><U91/><E35/><V134/><F36/><W113/><G113/><N who="2" m="43593" /><F134/><W85/><G85/><T98/><D103/><AGARI ba="0,1" hai="94,97,103,120,121" m="43593,17679,4591" machi="103" ten="30,1000,0" yaku="15,1" doraHai="122" who="2" fromWho="0" sc="292,-10,158,0,312,20,228,0" /><INIT seed="5,0,0,5,3,70" ten="282,158,332,228" oya="1" hai0="131,120,18,100,56,16,98,91,30,135,75,7,115" hai1="12,96,124,9,126,47,81,105,112,99,74,132,90" hai2="85,14,80,38,43,121,20,72,78,32,122,41,21" hai3="4,39,55,15,113,66,1,69,17,116,133,110,62"/><U97/><E47/><V64/><F32/><W88/><G110/><T6/><D115/><U114/><E12/><V109/><F109/><W111/><G111/><T33/><D135/><U19/><E19/><V128/><F128/><W127/><G113/><N who="1" m="43626" /><E9/><V35/><F35/><W28/><G28/><T0/><D131/><U79/><E132/><V86/><F64/><W23/><G133/><T76/><D120/><U46/><E46/><V77/><F14/><W45/><G116/><T57/><D0/><U50/><E50/><V40/><F72/><W29/><G29/><T25/><D6/><U102/><E90/><V108/><F43/><W94/><G4/><T60/><D7/><U48/><E48/><V24/><F108/><W42/><G1/><T61/><D91/><U106/><E102/><V37/><F24/><W82/><G55/><T2/><D2/><U58/><E58/><V8/><F8/><W10/><G10/><T71/><D57/><U73/><E73/><V51/><F51/><W84/><G127/><AGARI ba="0,0" hai="74,79,81,96,97,99,105,106,124,126,127" m="43626" machi="127" ten="40,12000,1" yaku="18,1,15,1,34,2" doraHai="70" who="1" fromWho="3" sc="282,0,158,120,332,0,228,-120" /><INIT seed="5,1,0,4,1,123" ten="282,278,332,108" oya="1" hai0="82,30,35,38,86,119,131,71,107,121,124,106,61" hai1="122,48,27,15,42,25,67,129,20,40,37,59,46" hai2="1,33,24,128,19,62,74,7,75,83,28,17,63" hai3="56,104,34,14,89,29,109,81,66,118,127,6,111"/><U52/><E129/><V18/><F128/><W16/><G104/><T53/><D121/><U12/><E122/><V5/><F83/><W10/><G127/><T0/><D119/><U132/><E132/><V96/><F96/><W72/><G118/><T114/><D131/><U49/><E40/><V3/><F62/><W69/><G69/><T57/><D0/><N who="2" m="74" /><F63/><W94/><G34/><T36/><D124/><U108/><E108/><V23/><F75/><W115/><G115/><T116/><D114/><U9/><E67/><V110/><F74/><W78/><G29/><T31/><D116/><U76/><E76/><V55/><F55/><W65/><G6/><N who="2" m="2057" /><F110/><W64/><REACH who="3" step="1"/><G56/><REACH who="3" ten="282,278,332,98" step="2"/><N who="0" m="34959" /><D71/><U134/><E134/><V91/><F91/><W88/><G88/><N who="0" m="51287" /><D106/><U112/><E112/><V22/><AGARI ba="1,1" hai="17,18,19,22,23,24,28,33" m="2057,74" machi="22" ten="40,8000,1" yaku="35,5" doraHai="123" who="2" fromWho="2" sc="282,-21,278,-41,332,93,98,-21" /><INIT seed="6,0,0,5,3,46" ten="261,237,425,77" oya="2" hai0="80,94,27,33,113,124,96,98,44,43,37,63,91" hai1="38,72,35,84,131,90,28,120,92,51,71,116,128" hai2="54,126,114,12,89,18,20,110,10,106,47,9,57" hai3="73,30,109,111,133,19,62,75,6,132,16,102,8"/><V67/><F114/><W76/><G102/><T117/><D113/><U93/><E38/><V22/><F126/><W78/><G62/><T55/><D124/><U41/><E71/><V101/><F110/><N who="3" m="41995" /><G30/><T39/><D39/><U74/><E116/><V119/><F119/><W45/><G45/><T68/><D80/><U0/><E0/><V83/><F106/><W118/><G118/><T36/><D36/><U52/><E41/><V65/><F101/><W59/><G59/><T85/><D117/><U50/><E93/><V25/><F83/><W99/><G99/><T3/><D3/><U26/><E120/><V86/><F47/><W104/><G104/><T15/><D15/><U21/><E35/><V53/><F53/><W31/><G31/><T24/><D33/><U87/><E87/><V34/><F34/><W127/><G127/><T69/><D98/><U100/><E100/><V2/><F2/><W121/><G121/><T123/><D123/><U60/><E60/><V77/><F86/><W88/><G88/><N who="0" m="55367" /><D69/><U13/><E13/><V122/><F12/><W130/><G130/><N who="1" m="49706" /><E52/><V7/><F54/><W32/><G32/><T40/><D40/><U95/><E95/><V107/><F107/><W17/><G75/><AGARI ba="0,0" hai="21,26,28,50,51,72,74,75,84,90,92" m="49706" machi="75" ten="30,3900,0" yaku="19,1,52,2" doraHai="46" who="1" fromWho="3" sc="261,0,237,39,425,0,77,-39" /><INIT seed="7,0,0,5,2,55" ten="261,276,425,38" oya="3" hai0="119,32,5,62,115,120,102,39,74,52,103,54,51" hai1="82,127,44,28,42,101,73,18,128,134,57,131,13" hai2="26,77,112,83,85,1,114,104,133,90,56,106,118" hai3="93,64,67,45,27,11,10,4,98,19,65,111,48"/><W116/><G116/><T97/><D120/><U110/><E110/><V100/><F118/><W95/><G111/><T38/><D119/><U8/><E127/><V75/><F133/><W72/><G72/><T132/><D32/><U34/><E134/><V66/><F1/><W53/><G4/><T12/><D74/><U16/><E101/><V6/><F6/><W125/><G125/><T113/><D132/><U46/><E46/><V124/><F124/><W25/><G93/><T49/><D62/><U40/><E40/><V35/><F100/><W50/><G50/><N who="0" m="18955" /><D5/><U20/><E34/><V91/><F35/><W69/><G69/><T7/><D103/><U70/><E28/><V14/><F75/><W59/><G45/><T121/><D121/><U21/><E70/><V0/><F0/><W108/><G108/><T88/><D88/><U71/><E71/><V37/><F104/><W3/><G3/><T122/><D122/><U60/><E44/><V76/><F83/><W9/><REACH who="3" step="1"/><G19/><REACH who="3" ten="261,276,425,28" step="2"/><T23/><D7/><U36/><E18/><V84/><F106/><W41/><G41/><T22/><D39/><U2/><E42/><V94/><F94/><W87/><G87/><T129/><D38/><U29/><E2/><V61/><F84/><W81/><G81/><T96/><D96/><U24/><E36/><V33/><F85/><W92/><G92/><T86/><D86/><U17/><E73/><V117/><F37/><W63/><G63/><T80/><D80/><U78/><E82/><V79/><F117/><W130/><G130/><T30/><D129/><U31/><E128/><RYUUKYOKU ba="0,1" sc="261,-10,276,-10,425,-10,28,30" hai3="9,10,11,25,27,48,53,59,64,65,67,95,98" /><INIT seed="7,1,1,0,0,21" ten="251,266,415,58" oya="3" hai0="66,14,37,122,34,41,45,64,89,111,61,3,65" hai1="68,50,71,43,104,28,58,83,36,133,132,20,105" hai2="8,114,82,117,0,128,80,48,27,119,102,93,60" hai3="23,112,123,86,47,129,78,31,127,100,24,42,9"/><W18/><G123/><T120/><D111/><U55/><E83/><V29/><F114/><W16/><G112/><T17/><D3/><U110/><E110/><V40/><F128/><W35/><G129/><T33/><D61/><U101/><E43/><V63/><F48/><N who="3" m="26743" /><G127/><T98/><D120/><U62/><E36/><V118/><F40/><W116/><G35/><T46/><D122/><U67/><E71/><V52/><F0/><W13/><G116/><T6/><D6/><U109/><E109/><V135/><F135/><N who="1" m="51785" /><E101/><V88/><F102/><W121/><G121/><T103/><D89/><U32/><E20/><V30/><F118/><W73/><G73/><T56/><D46/><U130/><E130/><V25/><F8/><W15/><G100/><T81/><D81/><U19/><E19/><N who="3" m="7210" /><G9/><T106/><REACH who="0" step="1"/><D56/><REACH who="0" ten="241,266,415,58" step="2"/><U91/><E91/><V77/><F119/><W125/><G125/><T38/><D38/><U70/><E68/><V96/><F117/><W1/><G1/><T134/><D134/><U79/><E79/><V10/><F10/><AGARI ba="1,2" hai="10,14,17,33,34,37,41,45,64,65,66,98,103,106" machi="10" ten="40,2600,0" yaku="1,1,53,1" doraHai="21" doraHaiUra="99" who="0" fromWho="2" sc="241,49,266,0,415,-29,58,0" owari="290,9.0,266,-13.0,386,48.0,58,-44.0" /></mjloggm>