<mjloggm ver="2.3"><GO type="169" lobby="0"/><UN n0="%52%45%4E%45%47%45" n1="%73%61%6B%6F%EF%BC%A0%E6%9C%80" n2="%E4%B9%9D%E5%B0%BE%E3%83%AA%E3%82%B3%E3%83%8D" n3="%E6%9C%94%E7%8A%AC" dan="16,17,16,17" rate="2045.39,2158.82,2070.43,2181.91" sx="F,M,M,M"/><TAIKYOKU oya="0"/><INIT seed="0,0,0,3,1,114" ten="250,250,250,250" oya="0" hai0="25,50,134,43,5,95,28,132,112,100,15,60,117" hai1="129,98,67,109,10,54,16,63,48,44,46,59,57" hai2="38,102,32,130,33,3,87,52,89,118,41,125,29" hai3="86,120,18,30,8,126,115,119,128,70,111,0,108"/><T76/><D112/><U85/><E109/><V47/><F3/><W56/><G70/><T88/><D76/><U122/><E122/><V17/><F130/><W14/><G115/><T22/><D100/><U123/><E123/><V53/><F125/><W68/><G68/><T107/><D107/><U1/><E129/><V72/><F72/><W92/><G128/><T34/><D60/><U13/><E1/><V65/><F102/><W82/><G120/><T49/><D117/><U74/><E74/><V20/><F118/><W110/><G119/><T35/><D35/><U103/><REACH who="1" step="1"/><E85/><REACH who="1" ten="250,240,250,250" step="2"/><V66/><F66/><W58/><G0/><T45/><D132/><U69/><E69/><V105/><F65/><W73/><G73/><T71/><D71/><U12/><E12/><V2/><F2/><W79/><G126/><T27/><D134/><U19/><E19/><V99/><F17/><W4/><G18/><T124/><D124/><U116/><E116/><V11/><F29/><W31/><G92/><AGARI ba="0,1" hai="10,13,16,44,46,48,54,57,59,63,67,92,98,103" machi="92" ten="30,7700,0" yaku="1,1,7,1,8,1,54,1,53,0" doraHai="114" doraHaiUra="80" who="1" fromWho="3" sc="250,0,240,87,250,0,250,-77" /><INIT seed="1,0,0,4,3,126" ten="250,327,250,173" oya="1" hai0="66,95,13,61,96,51,132,16,110,56,124,88,113" hai1="80,81,91,68,1,48,102,43,53,12,58,108,24" hai2="46,25,47,112,38,6,18,37,34,89,97,120,20" hai3="19,133,129,4,77,0,3,14,2,114,107,93,42"/><U44/><E1/><V134/><F120/><W123/><G107/><T131/><D110/><U39/><E108/><V45/><F134/><W130/><G42/><T9/><D124/><U40/><E102/><V7/><F34/><W67/><G123/><T87/><D132/><U98/><E43/><V104/><F112/><W63/><G133/><T65/><D113/><U32/><E12/><V127/><F127/><W100/><G77/><T72/><D72/><U103/><E91/><V92/><REACH who="2" step="1"/><F104/><REACH who="2" ten="250,327,240,173" step="2"/><W122/><G114/><T90/><D131/><N who="3" m="50185" /><G122/><T105/><D105/><U50/><E68/><V101/><F101/><W79/><G79/><T21/><D51/><U60/><E50/><V23/><F23/><N who="3" m="11767" /><G100/><T71/><D21/><U27/><E32/><V116/><F116/><W121/><G121/><T73/><D73/><U26/><REACH who="1" step="1"/><E39/><AGARI ba="0,1" hai="6,7,18,20,25,37,38,39,45,46,47,89,92,97" machi="39" ten="40,1300,0" yaku="1,1,53,0" doraHai="126" doraHaiUra="76" who="2" fromWho="1" sc="250,0,327,-13,240,23,173,0" /><INIT seed="2,0,0,3,5,63" ten="250,314,263,173" oya="2" hai0="117,110,96,47,108,4,94,102,40,92,42,125,106" hai1="82,28,83,119,80,1,17,9,41,90,120,129,111" hai2="39,75,100,68,38,21,123,2,61,19,107,115,45" hai3="134,69,59,67,64,74,113,10,97,29,22,84,91"/><V135/><F115/><W130/><G69/><T114/><D114/><U54/><E119/><V35/><F123/><W11/><G113/><T62/><D125/><U78/><E120/><V15/><F75/><W53/><G74/><T95/><D117/><U128/><E111/><N who="0" m="42537" /><D4/><U88/><E41/><V116/><F116/><W3/><G97/><N who="0" m="61775" /><D62/><U65/><E28/><V72/><F72/><W50/><G130/><N who="1" m="50282" /><E78/><V104/><F2/><W16/><G29/><T131/><D131/><U14/><E54/><V49/><F35/><W93/><G134/><T101/><D40/><U44/><E44/><V70/><F135/><W105/><G105/><T18/><D18/><U133/><E133/><V20/><F107/><W51/><G51/><AGARI ba="0,0" hai="42,47,51,92,94,95,96,101" m="61775,42537" machi="51" ten="30,1000,0" yaku="14,1" doraHai="63" who="0" fromWho="3" sc="250,10,314,0,263,0,173,-10" /><INIT seed="3,0,0,2,5,3" ten="260,314,263,163" oya="3" hai0="61,130,60,68,115,57,131,38,88,15,20,92,14" hai1="27,7,122,72,50,24,45,82,99,69,9,0,127" hai2="43,1,67,28,76,129,33,37,124,32,113,13,119" hai3="11,65,89,102,97,10,100,98,93,111,117,8,128"/><W132/><G117/><T52/><D38/><U95/><E122/><V46/><F119/><W73/><G73/><T91/><D115/><U53/><E69/><V134/><F113/><W23/><G128/><N who="0" m="49195" /><D91/><U17/><E127/><V120/><F1/><W123/><G123/><T47/><D47/><U114/><E114/><V21/><F124/><W70/><G132/><T103/><D103/><U104/><E104/><V81/><F134/><W16/><G111/><T78/><D78/><U19/><E27/><V80/><F129/><W79/><G79/><T107/><D107/><U90/><E72/><V18/><F120/><W135/><G135/><T116/><D116/><U83/><REACH who="1" step="1"/><E24/><REACH who="1" ten="260,304,263,163" step="2"/><V112/><F112/><W62/><REACH who="3" step="1"/><G98/><REACH who="3" ten="260,304,263,153" step="2"/><N who="0" m="57607" /><D20/><U2/><E2/><V35/><F21/><W75/><G75/><T26/><D26/><AGARI ba="0,2" hai="8,10,11,16,23,26,62,65,70,89,93,97,100,102" machi="26" ten="40,3900,0" yaku="1,1,54,1,53,0" doraHai="3" doraHaiUra="105" who="3" fromWho="0" sc="260,-39,304,0,263,0,153,59" /><INIT seed="3,1,0,2,5,101" ten="221,304,263,212" oya="3" hai0="72,82,15,99,17,97,41,35,100,59,19,109,36" hai1="33,61,80,115,12,110,125,130,88,127,91,126,118" hai2="90,47,81,64,105,66,50,53,0,3,6,103,74" hai3="77,21,9,2,76,40,133,62,92,60,68,1,24"/><W44/><G133/><T30/><D109/><U117/><E33/><V85/><F74/><W95/><G68/><T69/><D69/><U102/><E115/><V113/><F113/><W11/><G44/><T93/><D59/><U26/><E26/><V5/><F0/><W13/><G24/><T22/><D30/><U51/><E110/><V45/><F45/><W114/><G13/><T27/><D35/><U111/><E111/><V63/><F3/><W42/><REACH who="3" step="1"/><G21/><REACH who="3" ten="221,304,263,202" step="2"/><T106/><D27/><U14/><E12/><V131/><F47/><W107/><G107/><T55/><D15/><U32/><E14/><V18/><F105/><W20/><G20/><T7/><D22/><U87/><E32/><V48/><F5/><W25/><G25/><T96/><D7/><U58/><E126/><V86/><F6/><W28/><G28/><T29/><D29/><U37/><E127/><V134/><F134/><W112/><AGARI ba="1,1" hai="1,2,9,11,40,42,60,62,76,77,92,95,112,114" machi="112" ten="25,9600,0" yaku="1,1,0,1,22,2,53,0" doraHai="101" doraHaiUra="84" who="3" fromWho="3" sc="221,-33,304,-33,263,-33,202,109" /><INIT seed="3,2,0,3,1,31" ten="188,271,230,311" oya="3" hai0="18,32,82,123,54,72,88,61,133,52,0,1,121" hai1="94,21,101,12,3,9,128,6,47,75,113,45,40" hai2="112,111,77,96,130,37,109,81,108,42,126,59,17" hai3="84,68,35,115,85,92,11,24,80,44,26,22,57"/><W131/><G68/><T14/><D133/><U90/><E113/><V63/><F112/><W116/><G115/><T98/><D32/><U129/><E75/><V48/><F37/><W36/><G116/><T60/><D72/><U49/><E101/><V19/><F126/><W124/><G124/><T27/><D27/><U127/><E127/><V4/><F4/><W16/><G131/><N who="1" m="50250" /><E47/><N who="2" m="25719" /><F96/><W5/><G85/><T69/><D69/><U87/><E21/><V100/><F100/><W66/><G92/><T104/><D104/><U67/><E67/><N who="2" m="39423" /><F130/><W103/><G103/><T117/><D117/><U30/><E30/><V118/><F118/><W93/><G36/><T119/><D119/><U8/><E8/><V70/><F70/><W25/><G11/><T73/><D73/><AGARI ba="2,0" hai="17,19,73,77,81,108,109,111" m="39423,25719" machi="73" ten="30,1000,0" yaku="14,1" doraHai="31" who="2" fromWho="0" sc="188,-16,271,0,230,16,311,0" /><INIT seed="4,0,0,0,2,5" ten="172,271,246,311" oya="0" hai0="44,93,2,114,70,41,36,14,117,18,78,98,107" hai1="32,115,57,125,48,50,4,134,71,97,82,81,59" hai2="24,8,25,1,131,49,130,113,129,106,22,61,0" hai3="83,40,19,20,105,34,90,29,67,38,120,64,56"/><T43/><D117/><U111/><E111/><V31/><F106/><W84/><G105/><T15/><D114/><U62/><E32/><V16/><F113/><W103/><G103/><T102/><D2/><U104/><E71/><V10/><F49/><W135/><G29/><T80/><D70/><U69/><E69/><V73/><F73/><W63/><G34/><T72/><D43/><U127/><E115/><V110/><F61/><W9/><G135/><T79/><D79/><U126/><E134/><V128/><F110/><W17/><G120/><T23/><REACH who="0" step="1"/><D107/><REACH who="0" ten="162,271,246,311" step="2"/><U3/><E104/><V112/><F112/><W45/><G40/><T91/><D91/><U54/><E126/><V86/><F131/><W85/><G90/><T68/><D68/><U132/><E132/><V26/><F86/><W42/><G85/><T101/><D101/><U66/><E127/><V55/><F55/><W6/><G84/><T99/><D99/><U123/><E97/><V60/><F60/><W27/><G64/><T108/><D108/><U21/><E125/><V13/><F31/><W47/><G67/><T87/><D87/><U46/><E62/><V12/><F0/><W37/><G63/><T77/><D77/><U65/><E66/><V58/><F1/><W76/><G76/><T51/><D51/><U109/><E65/><V28/><F58/><W121/><G56/><N who="1" m="21578" /><E50/><V95/><F95/><W75/><G42/><T52/><D52/><U92/><E48/><V53/><F53/><W118/><G118/><T96/><D96/><U88/><E54/><V116/><F116/><W119/><G119/><RYUUKYOKU ba="0,1" sc="162,15,271,-15,246,15,311,-15" hai0="14,15,18,23,36,41,44,72,78,80,93,98,102" hai2="8,10,12,13,16,22,24,25,26,28,128,129,130" /><INIT seed="4,1,1,4,0,23" ten="177,256,261,296" oya="0" hai0="89,37,71,124,62,57,127,121,130,36,47,54,66" hai1="31,106,108,93,102,50,30,73,32,119,7,92,24" hai2="51,123,74,88,59,41,99,4,58,131,67,20,97" hai3="79,0,114,6,45,90,132,133,104,43,16,8,3"/><T29/><D29/><U128/><E119/><V40/><F123/><W112/><G104/><T19/><D19/><U11/><E108/><V68/><F74/><W95/><G79/><T70/><D89/><U44/><E73/><V117/><F117/><W22/><G3/><T38/><D121/><U65/><E128/><V134/><F68/><N who="0" m="26154" /><D130/><U85/><E65/><V87/><F131/><W86/><G45/><T56/><D47/><U13/><E85/><V46/><F134/><N who="3" m="51819" /><G43/><T78/><D78/><U83/><E83/><V77/><F77/><W107/><G107/><T101/><D101/><U103/><E103/><V118/><F118/><W53/><G53/><T15/><D15/><AGARI ba="1,1" hai="0,6,8,15,16,22,86,90,95,112,114" m="51819" machi="15" ten="30,2000,0" yaku="20,1,54,1" doraHai="23" who="3" fromWho="0" sc="177,-23,256,0,261,0,296,33" /><INIT seed="5,0,0,0,3,111" ten="154,256,261,329" oya="1" hai0="12,98,96,19,30,49,10,67,51,113,31,121,39" hai1="100,62,13,79,53,109,33,40,99,61,66,126,44" hai2="75,17,80,104,45,88,128,50,120,83,81,112,76" hai3="115,93,68,133,32,129,5,95,41,125,102,70,64"/><U89/><E109/><V22/><F120/><W29/><G41/><T114/><D39/><U106/><E33/><V56/><F104/><W117/><G5/><T18/><D67/><U48/><E126/><V132/><F132/><W8/><G8/><T85/><D85/><U2/><E2/><V87/><F128/><W0/><G0/><T127/><D127/><U91/><E79/><V135/><F135/><W119/><G125/><T38/><D38/><U21/><E21/><V57/><F112/><N who="0" m="43114" /><D19/><U107/><E66/><V73/><F81/><W116/><G115/><T78/><D78/><U77/><E77/><V97/><F97/><N who="0" m="37482" /><D121/><U55/><E99/><V134/><F73/><W43/><G64/><T23/><D10/><U20/><E106/><V82/><F82/><W24/><G133/><T42/><D42/><U92/><E107/><V86/><F75/><W7/><G43/><T74/><D74/><U15/><E40/><N who="2" m="24871" /><F134/><W84/><G117/><T11/><D11/><U35/><E91/><V72/><F72/><W60/><G119/><T47/><D47/><U90/><E89/><V25/><AGARI ba="0,0" hai="17,22,25,56,57,76,80,83,86,87,88" m="24871" machi="25" ten="30,2000,0" yaku="8,1,54,1" doraHai="111" who="2" fromWho="2" sc="154,-5,256,-10,261,20,329,-5" /><INIT seed="6,0,0,5,0,131" ten="149,246,281,324" oya="2" hai0="11,0,2,67,107,33,31,19,78,5,95,26,71" hai1="76,64,37,1,124,35,72,98,108,85,9,102,114" hai2="75,6,82,23,122,87,110,68,116,105,90,101,58" hai3="88,84,54,36,80,61,18,104,86,126,117,38,100"/><V14/><F116/><W29/><G117/><T129/><D107/><U96/><E108/><V50/><F68/><W93/><G126/><T20/><D129/><U52/><E35/><V120/><F110/><W66/><G54/><T91/><D78/><U56/><E37/><V81/><F75/><W51/><G51/><T46/><D46/><U34/><E34/><V97/><F82/><W57/><G29/><T65/><D0/><U70/><E72/><V99/><F99/><W103/><G104/><T92/><D71/><U59/><E70/><V69/><F69/><W39/><REACH who="3" step="1"/><G18/><REACH who="3" ten="149,246,281,314" step="2"/><T4/><D4/><U3/><E124/><V22/><F50/><W111/><G111/><T8/><D8/><U41/><E52/><V55/><F55/><W28/><G28/><T12/><REACH who="0" step="1"/><D95/><REACH who="0" ten="139,246,281,314" step="2"/><U135/><E9/><V128/><F105/><W130/><G130/><T123/><D123/><U106/><E106/><V62/><F128/><W44/><G44/><T77/><D77/><AGARI ba="0,2" hai="36,38,39,57,61,66,77,80,84,86,88,93,100,103" machi="77" ten="40,2600,0" yaku="1,1,54,1,53,0" doraHai="131" doraHaiUra="7" who="3" fromWho="0" sc="139,-26,246,0,281,0,314,46" /><INIT seed="7,0,0,2,0,66" ten="113,246,281,360" oya="3" hai0="26,86,83,117,16,126,20,134,34,42,55,94,91" hai1="45,53,14,121,123,122,13,44,30,129,78,50,130" hai2="113,29,104,22,56,101,17,135,81,73,93,33,49" hai3="12,51,4,103,124,118,72,125,15,35,58,90,120"/><W96/><G118/><T102/><D126/><N who="3" m="48745" /><G120/><T97/><D134/><U75/><E30/><V95/><F113/><W0/><G35/><T5/><D117/><U108/><E108/><V31/><F135/><W37/><G37/><T40/><D34/><U9/><E45/><V64/><F104/><N who="3" m="63591" /><G72/><T47/><D5/><U114/><E114/><V21/><F64/><W43/><G90/><T99/><D47/><U111/><E111/><V76/><F21/><W3/><G43/><T109/><D109/><U41/><E41/><V7/><F7/><W59/><G51/><T132/><D132/><U6/><E78/><V69/><F69/><W1/><G15/><T10/><D10/><AGARI ba="0,0" hai="0,1,3,4,10,12,58,59" m="63591,48745" machi="10" ten="40,2000,0" yaku="18,1" doraHai="66" who="3" fromWho="0" sc="113,-20,246,0,281,0,360,20" owari="93,-41.0,246,-15.0,281,8.0,380,48.0" /></mjloggm>