<mjloggm ver="2.3"><GO type="169" lobby="0"/><UN n0="%E3%81%A1%E3%82%83%E3%82%93%E3%81%8B%E3%82%8F" n1="%E6%98%8E%E6%97%A5%E3%81%AE%E3%82%86%E3%81%8F%E3%81%88" n2="%E6%98%A5%E3%81%AE%E3%81%8B%E3%81%91%E3%82%89" n3="%73%61%6B%69%2D%E6%9E%97" dan="16,16,16,16" rate="2063.36,2160.81,2054.02,2098.37" sx="M,F,F,M"/><TAIKYOKU oya="0"/><INIT seed="0,0,0,3,0,59" ten="250,250,250,250" oya="0" hai0="106,32,14,61,6,35,85,112,27,104,57,119,41" hai1="99,5,83,111,105,34,68,95,58,42,78,63,72" hai2="60,125,51,2,79,40,100,126,29,82,49,130,9" hai3="115,96,38,20,92,13,70,0,46,118,127,131,30"/><T31/><D112/><U87/><E111/><V55/><F130/><W26/><G115/><T73/><D73/><U4/><E68/><V76/><F29/><W71/><G131/><T114/><D114/><U113/><E113/><V81/><F100/><W54/><G127/><N who="2" m="48649" /><F40/><W7/><G118/><T75/><D75/><U101/><E34/><V33/><F33/><W117/><G117/><T122/><D122/><U39/><E39/><V66/><F9/><W120/><G0/><T93/><D119/><U133/><E42/><V22/><F22/><W108/><G108/><T12/><D35/><U86/><E133/><V16/><F16/><W84/><G38/><T50/><D50/><N who="2" m="18954" /><F55/><W129/><G129/><T24/><D24/><U97/><E86/><V47/><F47/><W36/><G36/><T37/><D6/><U116/><E116/><V8/><F8/><N who="3" m="4255" /><G71/><T110/><D110/><U64/><E97/><V11/><F11/><W123/><G70/><T121/><D121/><U124/><E124/><V135/><F2/><W89/><G120/><T67/><D41/><U102/><E102/><V15/><F15/><N who="0" m="5674" /><D37/><U134/><E134/><V128/><F128/><W88/><G123/><T48/><D48/><U52/><E64/><V103/><F103/><W90/><G46/><T43/><D43/><U77/><E77/><N who="2" m="29771" /><F135/><W17/><G84/><T44/><D44/><U23/><E23/><V53/><F53/><W21/><G54/><T65/><D65/><U80/><E80/><N who="2" m="30827" /><F66/><W74/><G74/><T25/><D25/><AGARI ba="0,0" hai="17,20,21,25,26,30,88,89,90,92,96" m="4255" machi="25" ten="30,2000,0" yaku="8,1,54,1" doraHai="59" who="3" fromWho="0" sc="250,-20,250,0,250,0,250,20" /><INIT seed="1,0,0,0,5,71" ten="230,250,250,270" oya="1" hai0="125,18,57,20,58,105,19,103,41,15,94,38,45" hai1="28,85,4,21,86,129,96,76,8,59,111,64,22" hai2="100,24,51,101,130,40,17,69,104,56,132,90,112" hai3="116,97,47,44,110,13,88,114,9,109,79,12,52"/><U95/><E129/><V42/><F69/><W62/><G114/><T126/><D105/><U98/><E111/><N who="3" m="42506" /><G116/><T127/><REACH who="0" step="1"/><D18/><REACH who="0" ten="220,250,250,270" step="2"/><U39/><E28/><V0/><F17/><N who="3" m="8335" /><G79/><T102/><D102/><U83/><E4/><V107/><F101/><W72/><G72/><T43/><D43/><U87/><E8/><V5/><F42/><W10/><G10/><T29/><D29/><U46/><E21/><V119/><F100/><W54/><G13/><T134/><D134/><U113/><E22/><V82/><F132/><W68/><G68/><T33/><D33/><U63/><E113/><V31/><F112/><W53/><G62/><T108/><D108/><U75/><REACH who="1" step="1"/><E95/><AGARI ba="0,1" hai="44,47,52,53,54,88,95,97" m="8335,42506" machi="95" ten="30,3900,0" yaku="14,1,54,2" doraHai="71" who="3" fromWho="1" sc="220,0,250,-39,250,0,270,49" /><INIT seed="2,0,0,0,2,29" ten="220,211,250,319" oya="2" hai0="129,98,127,76,19,92,86,97,65,3,133,36,101" hai1="50,6,56,20,79,102,40,96,7,60,73,78,44" hai2="45,130,13,31,91,105,118,134,64,107,67,80,81" hai3="89,83,25,104,35,61,22,23,2,4,48,71,100"/><V41/><F118/><W121/><G121/><T62/><D127/><U43/><E43/><V116/><F116/><W47/><G2/><T38/><D129/><U55/><E78/><V106/><F130/><W53/><G4/><T57/><D133/><U95/><E73/><V26/><F134/><W58/><G89/><T54/><D3/><U11/><E79/><V135/><F13/><W117/><G83/><T119/><D119/><U110/><E110/><V59/><F135/><W49/><G117/><T82/><D19/><U17/><REACH who="1" step="1"/><E11/><REACH who="1" ten="220,201,250,319" step="2"/><V52/><F105/><W9/><G9/><T90/><REACH who="0" step="1"/><D65/><REACH who="0" ten="210,201,250,319" step="2"/><U75/><E75/><V72/><F67/><N who="3" m="39351" /><G104/><AGARI ba="0,2" hai="36,38,54,57,62,76,82,86,90,92,97,98,101,104" machi="104" ten="30,2000,0" yaku="1,1,7,1,53,0" doraHai="29" doraHaiUra="124" who="0" fromWho="3" sc="210,40,201,0,250,0,319,-20" /><INIT seed="3,0,0,1,0,116" ten="250,201,250,299" oya="3" hai0="9,38,83,39,61,68,36,129,76,22,72,127,58" hai1="66,4,102,100,53,33,51,0,14,85,7,126,82" hai2="5,28,6,99,101,69,54,89,90,115,23,130,96" hai3="52,40,57,97,128,84,118,27,93,13,25,71,135"/><W49/><G118/><T45/><D129/><U43/><E33/><V32/><F115/><W132/><G71/><T111/><D111/><U12/><E126/><V8/><F130/><W117/><G117/><T67/><D127/><U30/><E30/><V60/><F32/><W81/><G40/><T46/><D68/><U73/><E73/><V47/><F47/><W21/><G128/><T86/><D22/><U98/><E66/><V35/><F35/><W18/><G132/><T131/><D131/><U79/><E43/><V31/><F23/><W88/><G135/><T59/><D72/><U50/><E50/><V34/><F34/><W11/><G11/><T87/><D59/><U48/><E48/><V64/><F8/><W110/><G110/><T95/><D9/><U119/><E119/><V112/><F54/><W134/><G134/><T123/><D123/><U113/><E113/><V106/><F112/><W122/><G122/><T114/><D114/><U37/><E37/><V120/><F120/><W77/><AGARI ba="0,0" hai="13,18,21,25,27,49,52,57,77,81,84,88,93,97" machi="77" ten="20,12000,1" yaku="0,1,7,1,8,1,54,2" doraHai="116" who="3" fromWho="3" sc="250,-40,201,-40,250,-40,299,120" /><INIT seed="3,1,0,1,3,71" ten="210,161,210,419" oya="3" hai0="133,104,60,38,78,61,125,21,100,24,72,41,91" hai1="109,29,85,16,48,106,9,101,35,10,62,67,37" hai2="2,30,89,113,46,94,111,59,108,54,83,124,110" hai3="77,53,51,36,120,45,66,112,58,68,69,12,52"/><W25/><G77/><T6/><D104/><U32/><E109/><V134/><F113/><W47/><G25/><T11/><D100/><U97/><E48/><V57/><F2/><W50/><G12/><T86/><D125/><U15/><E85/><V13/><F124/><W105/><G105/><T126/><D126/><U63/><E9/><V65/><F134/><W7/><G7/><T34/><D34/><U121/><E121/><V76/><F30/><W90/><G90/><T119/><D119/><U31/><E31/><V96/><F65/><W40/><G112/><T131/><D133/><U22/><E62/><V122/><F122/><W116/><G116/><T129/><D78/><U99/><E99/><V74/><F13/><W93/><G93/><N who="0" m="54519" /><D72/><U88/><E88/><V49/><AGARI ba="1,0" hai="46,49,54,57,59,74,76,83,89,94,96,108,110,111" machi="49" ten="40,2700,0" yaku="0,1,14,1" doraHai="71" who="2" fromWho="2" sc="210,-8,161,-8,210,30,419,-14" /><INIT seed="4,0,0,0,2,103" ten="202,153,240,405" oya="0" hai0="119,108,115,129,117,5,26,60,114,68,21,63,106" hai1="62,83,127,89,14,95,90,47,59,105,112,99,20" hai2="6,66,53,97,100,113,128,50,78,58,42,132,87" hai3="30,15,121,3,41,45,135,81,118,52,111,65,84"/><T27/><D5/><U28/><E127/><V43/><F113/><N who="0" m="43018" /><D129/><U0/><E0/><V77/><F128/><W33/><G3/><T72/><D68/><U40/><E112/><V133/><F6/><W32/><G118/><N who="0" m="45067" /><D21/><U107/><E83/><N who="2" m="47607" /><F77/><W91/><G135/><N who="2" m="51785" /><F66/><W24/><G121/><T110/><D72/><U125/><E125/><V49/><F49/><W79/><G65/><T104/><D26/><U131/><E131/><V67/><F67/><W11/><G33/><T48/><D48/><U109/><E109/><N who="0" m="42089" /><D27/><U74/><E74/><V10/><F10/><W86/><G111/><T13/><D13/><U69/><E69/><V93/><AGARI ba="0,0" hai="42,43,50,53,58,93,97,100" m="51785,47607" machi="93" ten="30,1100,0" yaku="20,1" doraHai="103" who="2" fromWho="2" sc="202,-5,153,-3,240,11,405,-3" /><INIT seed="5,0,0,0,2,97" ten="197,150,251,402" oya="1" hai0="65,56,42,121,40,27,103,74,85,18,12,132,124" hai1="70,130,49,1,62,29,69,64,96,50,94,3,31" hai2="51,108,95,5,84,86,120,101,82,8,76,15,81" hai3="54,55,129,127,32,10,68,134,20,57,13,114,53"/><U122/><E122/><V36/><F120/><W34/><G68/><T106/><D74/><U115/><E115/><V38/><F108/><W7/><G114/><T133/><D121/><U47/><E130/><V46/><F95/><W104/><G104/><T126/><D27/><U118/><E118/><V33/><F33/><W93/><G129/><T83/><D56/><U77/><E77/><V21/><F21/><W43/><G134/><N who="0" m="51819" /><D65/><U39/><E69/><V89/><REACH who="2" step="1"/><F101/><REACH who="2" ten="197,150,241,402" step="2"/><W79/><G32/><T116/><D103/><U128/><E128/><V80/><F80/><W135/><G34/><T100/><D100/><U123/><E123/><V109/><F109/><W28/><G135/><T59/><D116/><U71/><E71/><V48/><F48/><W67/><G127/><T99/><D99/><U45/><E39/><V58/><F58/><W41/><G93/><T26/><D59/><U23/><E49/><V131/><F131/><W52/><G67/><T78/><D106/><U22/><E22/><V111/><F111/><W98/><G57/><T63/><D63/><U92/><E92/><V72/><F72/><W44/><G20/><T16/><D124/><U75/><E75/><V6/><F6/><W14/><G7/><T91/><D126/><U107/><E107/><V17/><F17/><W61/><G61/><T88/><D18/><U105/><E105/><V11/><F11/><W24/><G10/><N who="0" m="6167" /><D26/><N who="1" m="16607" /><E31/><V102/><F102/><W35/><G28/><T112/><D112/><U9/><E9/><V37/><F37/><W73/><N who="3" m="13312" /><DORA hai="119" /><W110/><G35/><T66/><D66/><RYUUKYOKU ba="0,1" sc="197,15,150,-15,241,15,402,-15" hai0="40,42,78,83,85,88,91" hai2="5,8,15,36,38,46,51,76,81,82,84,86,89" /><INIT seed="6,1,1,2,0,43" ten="212,135,256,387" oya="2" hai0="100,67,85,51,109,91,5,61,14,36,87,117,6" hai1="44,16,23,77,76,46,24,106,115,93,35,57,47" hai2="48,38,53,40,128,83,49,129,120,112,74,60,110" hai3="34,65,82,81,113,89,3,84,12,88,45,107,103"/><V63/><F74/><W50/><G3/><T90/><D36/><U31/><E106/><V98/><F98/><W18/><G34/><T15/><D109/><U64/><E115/><V130/><F83/><W75/><G113/><T54/><D117/><U133/><E133/><V80/><F80/><W56/><G107/><T41/><D41/><U102/><E102/><V8/><F8/><W73/><G103/><T122/><D122/><U119/><E119/><V11/><F11/><W33/><G33/><T79/><D79/><U96/><E64/><V124/><F112/><W42/><G75/><T101/><D51/><N who="2" m="19530" /><F120/><W78/><G73/><T99/><D61/><N who="2" m="23626" /><F53/><W95/><G65/><T72/><D72/><U32/><E57/><V127/><F110/><W30/><G56/><T52/><D67/><U10/><E35/><V13/><F13/><W111/><G111/><T104/><D104/><U118/><E118/><V22/><F22/><N who="3" m="11591" /><G81/><T19/><D19/><U2/><E2/><V58/><F58/><W66/><G66/><T125/><REACH who="0" step="1"/><D99/><REACH who="0" ten="202,135,256,387" step="2"/><U0/><E0/><V37/><F38/><W29/><G78/><N who="1" m="30314" /><E32/><V4/><F4/><W94/><G82/><T86/><D86/><AGARI ba="1,2" hai="29,30,42,45,50,84,86,88,89,94,95" m="11591" machi="86" ten="30,3900,0" yaku="8,1,52,1,54,1" doraHai="43" who="3" fromWho="0" sc="202,-42,135,0,256,0,387,62" /><INIT seed="7,0,0,4,4,4" ten="160,135,256,449" oya="3" hai0="126,37,7,94,21,6,2,64,65,73,124,70,47" hai1="119,42,9,118,86,117,108,78,122,63,76,11,1" hai2="95,12,14,135,10,44,38,34,109,54,104,99,59" hai3="5,107,93,41,20,51,75,105,129,43,96,62,29"/><W127/><G75/><T56/><D70/><U84/><E108/><V80/><F109/><W83/><G127/><N who="0" m="48683" /><D73/><U60/><E122/><V57/><F34/><W50/><G93/><T25/><D94/><U39/><E1/><V66/><F104/><W3/><G20/><T114/><D114/><U17/><E17/><V49/><F38/><W110/><G5/><N who="0" m="1547" /><D56/><U77/><E42/><V58/><F80/><W48/><G50/><T120/><D120/><U90/><E39/><V32/><F32/><W100/><G83/><T92/><D92/><N who="1" m="54343" /><E86/><V40/><F40/><W69/><G29/><N who="0" m="17583" /><D2/><U101/><E101/><N who="2" m="60671" /><F135/><W123/><G129/><T36/><D36/><U115/><E115/><V106/><F106/><W24/><G110/><T67/><D65/><U125/><E125/><V53/><F66/><W82/><G24/><T16/><D16/><U111/><E111/><V103/><F103/><W102/><G96/><T87/><D87/><U28/><E28/><V0/><F0/><W35/><G35/><T97/><D97/><U55/><E55/><V68/><F68/><W30/><G3/><T91/><D91/><U31/><E31/><V23/><F54/><W22/><G30/><T19/><D19/><U128/><E128/><V71/><F71/><W72/><G69/><T13/><D13/><U133/><E133/><V15/><F23/><W121/><G72/><T74/><D74/><U8/><AGARI ba="0,0" hai="8,9,11,60,63,76,77,78,117,118,119" m="54343" machi="8" ten="40,12000,2" yaku="29,2,12,1,52,3" doraHai="4" who="1" fromWho="1" sc="160,-30,135,120,256,-30,449,-60" owari="130,-37.0,255,6.0,226,-17.0,389,48.0" /></mjloggm>