<mjloggm ver="2.3"><GO type="169" lobby="0"/><UN n0="%47%48%4F%53%54" n1="%79%6F%75%61%6C%70%68%61" n2="%E9%BE%8D%E9%96%80%E6%B8%95%E9%80%8F%E8%8F%AF" n3="%73%6C%69%63%6B%33%31%39" dan="18,17,17,16" rate="2240.57,2214.91,2161.39,2126.85" sx="M,M,F,M"/><TAIKYOKU oya="0"/><INIT seed="0,0,0,3,4,9" ten="250,250,250,250" oya="0" hai0="11,64,38,44,95,107,106,48,67,45,50,69,78" hai1="101,89,100,113,52,29,17,110,129,132,24,4,125" hai2="35,99,13,126,90,18,83,92,51,114,105,53,98" hai3="97,39,5,112,128,77,19,61,37,84,135,60,88"/><T118/><D118/><U14/><E14/><V94/><BYE who="1" /><F114/><W56/><G112/><T96/><D38/><U63/><E63/><UN n1="%79%6F%75%61%6C%70%68%61" /><V111/><F111/><W82/><G128/><T122/><D122/><U2/><E110/><V119/><F119/><W49/><G135/><T115/><D115/><U33/><E113/><V16/><F105/><W81/><G5/><T71/><D78/><U28/><E125/><V120/><F120/><W134/><G134/><T58/><D11/><U133/><E4/><V130/><F130/><W7/><G7/><T23/><D23/><U42/><E42/><V25/><F126/><W117/><G117/><T127/><D96/><U65/><E65/><V34/><F83/><W109/><G109/><T27/><D27/><U40/><E40/><V26/><F18/><W124/><G124/><T59/><REACH who="0" step="1"/><D127/><REACH who="0" ten="240,250,250,250" step="2"/><U108/><E24/><V0/><F34/><W86/><G97/><T76/><D76/><U31/><E108/><V30/><F35/><W21/><G39/><T75/><D75/><U3/><E132/><V6/><F30/><W116/><G37/><T15/><D15/><U12/><E33/><V80/><F0/><W70/><G116/><T123/><D123/><U68/><E133/><V85/><F98/><W20/><G20/><T41/><D41/><U46/><E2/><V32/><F32/><W8/><G8/><T91/><D91/><U72/><E3/><V54/><F99/><W103/><G103/><T10/><D10/><N who="1" m="6295" /><E100/><V87/><F6/><W57/><G21/><T74/><D74/><U62/><E72/><V1/><F1/><RYUUKYOKU ba="0,1" sc="240,30,250,-10,250,-10,250,-10" hai0="44,45,48,50,58,59,64,67,69,71,95,106,107" /><INIT seed="0,1,1,4,3,128" ten="270,240,240,240" oya="0" hai0="57,26,96,75,127,110,82,54,55,30,23,27,83" hai1="7,61,70,38,72,95,122,49,113,84,33,88,3" hai2="56,12,47,34,45,101,53,40,15,32,98,52,107" hai3="65,125,67,73,31,20,1,4,90,112,123,17,22"/><T89/><D127/><U51/><E122/><V41/><F101/><W11/><G112/><T74/><D110/><U111/><E38/><V106/><F98/><W71/><G125/><T104/><D104/><U69/><E33/><V36/><F56/><W50/><G123/><T135/><D135/><U119/><E119/><V18/><F18/><W103/><G73/><T28/><D96/><U97/><E72/><V134/><F36/><W132/><G103/><T14/><D14/><U68/><E111/><V118/><F118/><W92/><G71/><T80/><D89/><U93/><E113/><V124/><REACH who="2" step="1"/><F124/><REACH who="2" ten="270,240,230,240" step="2"/><W78/><G17/><T129/><D129/><U105/><E105/><V13/><F13/><W6/><G31/><T39/><D39/><U62/><E49/><V114/><F114/><W77/><G6/><T60/><REACH who="0" step="1"/><D55/><REACH who="0" ten="260,240,230,240" step="2"/><U121/><E121/><V37/><F37/><W66/><G90/><T10/><D10/><U81/><E88/><V25/><F25/><W120/><G11/><T99/><D99/><U2/><E97/><V16/><F16/><W133/><G78/><T102/><D102/><U100/><E100/><V46/><F46/><W109/><G77/><T63/><D63/><U9/><E62/><V58/><F58/><W43/><G4/><T108/><D108/><U44/><E61/><V0/><F0/><W59/><G109/><T131/><D131/><U64/><E2/><V35/><F35/><AGARI ba="1,3" hai="23,26,27,28,30,35,54,57,60,74,75,80,82,83" machi="35" ten="40,2000,0" yaku="1,1,53,0" doraHai="128" doraHaiUra="126" who="0" fromWho="2" sc="260,53,240,0,230,-23,240,0" /><INIT seed="0,2,0,3,3,113" ten="313,240,207,240" oya="0" hai0="28,66,1,87,126,47,37,0,71,131,43,2,48" hai1="117,45,20,69,31,24,79,98,44,58,115,76,50" hai2="78,38,129,29,12,101,40,123,68,82,106,85,16" hai3="64,32,70,55,133,103,4,62,34,130,61,104,54"/><T120/><D120/><U112/><E69/><V100/><F123/><W122/><G122/><T3/><N who="0" m="0" /><DORA hai="92" /><T89/><D131/><U84/><E117/><V10/><F129/><W95/><G130/><T134/><D134/><U121/><E121/><V41/><F68/><W67/><G4/><T30/><D126/><U110/><E110/><V56/><F106/><W42/><G133/><T111/><D111/><U35/><E58/><V53/><F29/><W46/><G104/><T125/><D125/><U36/><E35/><V17/><F17/><W49/><G103/><N who="2" m="39497" /><F38/><N who="3" m="21847" /><G95/><T26/><D37/><U93/><E36/><V6/><F6/><W63/><G32/><T8/><D8/><U77/><E84/><V128/><F128/><W22/><G22/><T60/><REACH who="0" step="1"/><D26/><REACH who="0" ten="303,240,207,240" step="2"/><U91/><REACH who="1" step="1"/><E45/><REACH who="1" ten="303,230,207,240" step="2"/><V21/><F10/><W99/><G70/><T96/><D96/><U65/><E65/><V7/><F7/><W102/><G64/><T75/><D75/><U23/><E23/><V52/><F53/><AGARI ba="2,2" hai="20,24,31,44,50,53,76,77,79,91,93,98,112,115" machi="53" ten="40,5200,0" yaku="1,1,52,1,53,1" doraHai="113,92" doraHaiUra="11,90" who="1" fromWho="2" sc="303,0,230,78,207,-58,240,0" /><INIT seed="1,0,0,4,5,75" ten="303,308,149,240" oya="1" hai0="101,41,39,32,135,72,47,76,58,113,48,70,59" hai1="38,92,134,51,80,102,45,6,22,35,112,69,108" hai2="62,87,34,119,50,118,114,37,4,40,129,89,33" hai3="133,60,86,54,93,18,116,82,27,30,127,66,64"/><U78/><E112/><V5/><F114/><W96/><G127/><T103/><D135/><U117/><E117/><V1/><F129/><W128/><G128/><T109/><D109/><U24/><E69/><V84/><F37/><W98/><G133/><T73/><D32/><U88/><E134/><V44/><F84/><W3/><G3/><T29/><D29/><U94/><E38/><V20/><F34/><W124/><G124/><T36/><D70/><U0/><E35/><V19/><F33/><W56/><G30/><T42/><D48/><U91/><E0/><V25/><F1/><W28/><G28/><T120/><D113/><U57/><E6/><V53/><F118/><W65/><G116/><T83/><D120/><U14/><E14/><V111/><F111/><W13/><G93/><T7/><D7/><U23/><E57/><N who="2" m="35119" /><F119/><W55/><G55/><T90/><D90/><U131/><E131/><V49/><F49/><W15/><G15/><T105/><D73/><U77/><E22/><V31/><F31/><W17/><G17/><T100/><REACH who="0" step="1"/><D105/><REACH who="0" ten="293,308,149,240" step="2"/><U130/><E130/><V21/><F4/><W115/><G115/><T16/><D16/><N who="1" m="12391" /><E108/><V81/><F5/><W2/><G2/><T110/><D110/><U99/><E80/><V9/><F21/><W71/><G71/><T68/><D68/><U52/><E102/><V10/><AGARI ba="0,1" hai="9,10,19,20,25,40,44,50,81,87,89" m="35119" machi="10" ten="30,1100,0" yaku="8,1" doraHai="75" who="2" fromWho="2" sc="293,-3,308,-5,149,21,240,-3" /><INIT seed="2,0,0,2,5,13" ten="290,303,170,237" oya="2" hai0="122,62,99,1,105,68,43,20,42,61,123,96,17" hai1="135,109,51,128,69,30,3,2,33,112,103,10,38" hai2="40,16,113,119,120,133,18,71,31,93,26,46,56" hai3="75,121,12,76,36,115,126,118,86,134,131,19,0"/><V54/><F120/><W34/><G19/><T21/><D1/><U81/><E51/><V74/><F74/><W52/><G52/><T53/><D53/><U11/><E81/><V77/><F71/><W84/><G12/><T49/><D49/><U90/><E90/><V15/><F119/><W110/><G84/><T129/><D129/><U50/><E103/><V14/><F113/><W97/><G86/><T91/><D91/><U111/><E50/><N who="2" m="26951" /><F133/><W88/><G88/><T65/><D105/><U27/><E69/><V98/><F77/><W79/><G97/><T94/><D68/><U25/><E38/><V100/><F14/><W82/><G82/><T83/><D83/><U44/><E112/><V41/><F41/><W29/><G29/><T48/><D48/><U35/><E44/><V108/><F108/><N who="1" m="41545" /><E128/><V64/><F15/><W132/><G79/><T78/><D78/><U102/><E102/><V47/><F47/><W22/><G22/><T23/><D123/><U125/><E135/><V70/><F70/><W104/><G76/><T116/><D122/><U80/><E125/><V24/><F64/><W87/><G134/><T127/><D127/><U37/><E37/><V5/><F5/><W63/><G132/><T67/><D43/><U4/><E4/><V39/><F39/><W8/><G36/><T101/><D42/><U106/><E106/><V6/><F6/><W66/><G104/><T45/><D45/><U124/><E124/><V117/><F117/><W28/><G126/><T60/><D116/><U58/><E2/><V55/><F100/><W130/><G118/><RYUUKYOKU ba="0,0" sc="290,0,303,0,170,0,237,0" /><INIT seed="3,1,0,3,5,105" ten="290,303,170,237" oya="3" hai0="36,98,90,41,37,45,85,102,95,74,22,83,43" hai1="110,134,104,84,135,35,118,82,77,75,18,101,71" hai2="31,97,129,52,123,46,94,15,99,54,58,131,124" hai3="86,39,132,13,23,24,40,133,76,34,88,9,114"/><W21/><G40/><T91/><D22/><U72/><E35/><V78/><F123/><W112/><G39/><T128/><D128/><N who="2" m="49226" /><F124/><W55/><G76/><T87/><D74/><N who="1" m="43319" /><E71/><V10/><F31/><N who="3" m="19815" /><G55/><N who="2" m="21033" /><F46/><W1/><G1/><T48/><REACH who="0" step="1"/><D43/><REACH who="0" ten="280,303,170,237" step="2"/><U28/><E118/><V14/><F78/><W79/><G21/><T70/><D70/><U29/><E110/><V106/><F10/><W96/><G23/><T125/><D125/><U16/><E29/><V108/><F108/><W51/><G79/><T26/><D26/><U119/><E119/><V38/><F38/><W2/><G112/><T5/><D5/><U130/><E28/><V81/><F58/><W100/><G114/><T69/><D69/><U68/><E68/><V64/><F81/><AGARI ba="1,1" hai="36,37,41,45,48,81,83,85,87,90,91,95,98,102" machi="81" ten="30,8000,1" yaku="1,1,7,1,9,1,53,2" doraHai="105" doraHaiUra="80" who="0" fromWho="2" sc="280,93,303,0,170,-83,237,0" /><INIT seed="4,0,0,1,1,77" ten="373,303,87,237" oya="0" hai0="132,118,88,9,128,29,75,30,62,71,90,110,68" hai1="64,112,13,72,26,70,5,23,121,124,126,51,11" hai2="127,41,113,69,12,16,60,22,32,109,50,33,10" hai3="93,46,15,74,129,116,6,108,123,2,122,48,66"/><T82/><D118/><U43/><E121/><N who="3" m="46090" /><G2/><T25/><D128/><U106/><E106/><V100/><F109/><W101/><G108/><T134/><D110/><U130/><E72/><V79/><F113/><W98/><G74/><T86/><D75/><U45/><E130/><V85/><F127/><N who="1" m="48681" /><E112/><V0/><F100/><W83/><G66/><T55/><D30/><N who="1" m="17759" /><E64/><V87/><F69/><AGARI ba="0,0" hai="5,11,13,43,45,51,69,70" m="17759,48681" machi="69" ten="30,1000,0" yaku="18,1" doraHai="77" who="1" fromWho="2" sc="373,0,303,10,87,-10,237,0" /><INIT seed="5,0,0,5,3,21" ten="373,313,77,237" oya="1" hai0="24,80,101,119,85,67,3,76,34,114,26,132,94" hai1="1,36,108,45,130,105,112,86,44,62,25,4,123" hai2="68,27,79,11,111,10,48,78,54,74,89,63,104" hai3="126,122,30,118,65,58,56,55,83,47,95,59,92"/><U7/><E123/><V131/><F111/><W127/><G122/><T82/><D119/><U87/><E105/><V6/><F131/><W96/><G118/><T135/><D114/><U70/><E112/><V91/><F104/><W88/><G83/><T15/><D3/><U106/><E106/><V50/><F68/><W128/><G128/><T69/><D34/><U43/><E130/><V72/><F63/><W8/><G8/><T35/><D35/><U9/><E108/><V20/><F20/><W29/><G65/><T75/><D67/><U22/><E7/><V32/><F54/><W12/><G12/><T61/><D61/><U23/><E70/><V64/><F32/><W33/><G47/><T28/><D28/><U14/><E62/><V110/><F64/><W52/><G92/><T40/><D40/><U116/><E116/><V90/><F110/><W98/><G96/><N who="0" m="59543" /><D69/><U0/><E44/><V84/><F90/><W39/><G29/><T93/><D15/><U113/><E113/><V107/><F107/><W13/><G13/><T71/><D93/><U125/><E125/><N who="3" m="47626" /><G39/><T38/><D38/><U97/><E97/><V81/><F6/><W18/><G18/><T17/><D17/><U66/><E66/><V5/><F5/><W100/><G100/><T31/><D31/><U37/><E37/><V129/><F129/><W73/><G73/><T51/><D51/><U19/><REACH who="1" step="1"/><E1/><REACH who="1" ten="373,303,77,237" step="2"/><V124/><F124/><W109/><G109/><T16/><D71/><U120/><E120/><V46/><F46/><W53/><G59/><T2/><D2/><U121/><E121/><RYUUKYOKU ba="0,1" sc="373,-15,303,15,77,-15,237,15" hai1="0,4,9,14,19,22,23,25,36,43,45,86,87" hai3="30,33,52,53,55,56,58,88,95,98" /><INIT seed="5,1,1,1,4,91" ten="358,318,62,252" oya="1" hai0="96,85,33,102,51,11,78,64,43,20,120,87,121" hai1="36,80,42,54,6,84,129,4,122,45,5,44,97" hai2="88,90,119,69,30,25,124,95,73,40,67,12,70" hai3="98,113,112,132,131,59,14,111,128,117,13,114,53"/><U99/><E122/><N who="0" m="47209" /><D33/><U29/><E129/><N who="3" m="49738" /><G111/><T41/><D64/><U17/><E29/><V27/><F119/><W52/><G117/><T127/><D127/><U28/><E28/><V0/><F0/><W22/><G132/><T93/><D20/><U66/><E66/><V38/><F73/><W103/><G22/><T16/><D78/><U106/><E106/><V100/><F124/><W125/><G125/><T63/><D63/><U15/><E45/><V49/><F38/><W86/><G86/><N who="0" m="32779" /><D51/><U19/><E54/><N who="3" m="21098" /><G59/><T1/><D1/><U7/><N who="1" m="1024" /><DORA hai="18" /><U21/><REACH who="1" step="1"/><E17/><REACH who="1" ten="358,308,62,252" step="2"/><V71/><F67/><W72/><G72/><T2/><D2/><U58/><E58/><V105/><F70/><W108/><G108/><T115/><D115/><U109/><E109/><V81/><F71/><W76/><G76/><AGARI ba="1,2" hai="15,19,21,36,42,44,76,80,84,97,99" m="1024" machi="76" ten="50,4800,0" yaku="1,1,52,1,53,0" doraHai="91,18" doraHaiUra="116,47" who="1" fromWho="3" sc="358,0,308,71,62,0,252,-51" /><INIT seed="5,2,0,4,5,11" ten="358,379,62,201" oya="1" hai0="92,48,121,64,54,70,1,89,62,103,111,117,98" hai1="114,16,52,51,73,58,61,57,112,36,127,56,28" hai2="8,46,47,0,68,109,69,135,130,12,74,66,124" hai3="122,82,6,44,33,91,119,113,10,129,101,14,83"/><U80/><E28/><V105/><F109/><W27/><G122/><T26/><D117/><U30/><E30/><V29/><F135/><W87/><G33/><T95/><D121/><U108/><E108/><V19/><F130/><W123/><G123/><T86/><D111/><U84/><E73/><V4/><F124/><W132/><G132/><T15/><D1/><U72/><E72/><V21/><F74/><W2/><G129/><T75/><D26/><U131/><E131/><V32/><F105/><W25/><G113/><N who="1" m="43626" /><E36/><V77/><F77/><W38/><G101/><T104/><D75/><U96/><E96/><V49/><F66/><W81/><G2/><T60/><D60/><U106/><E106/><V59/><F59/><W39/><G119/><T42/><D42/><U71/><E127/><V97/><F97/><W65/><G65/><T100/><D100/><U31/><E31/><V13/><F47/><W45/><G39/><T23/><D104/><U5/><E5/><V116/><F116/><W88/><G38/><T133/><D133/><U128/><E128/><V9/><F29/><W35/><G35/><T22/><REACH who="0" step="1"/><D15/><REACH who="0" ten="348,379,62,201" step="2"/><U34/><E61/><V115/><F32/><W102/><G102/><T50/><D50/><U18/><E34/><V99/><F115/><W20/><G27/><T3/><D3/><U118/><E118/><V94/><F0/><W43/><G43/><T40/><D40/><U110/><E110/><V78/><F49/><W120/><G120/><T90/><D90/><N who="1" m="51463" /><E71/><V126/><F68/><W53/><G25/><T85/><D85/><U76/><E76/><RYUUKYOKU ba="2,1" sc="348,15,379,15,62,-15,201,-15" hai0="22,23,48,54,62,64,70,86,89,92,95,98,103" hai1="16,18,51,52,56,57,58" /><INIT seed="5,3,1,2,0,98" ten="363,394,47,186" oya="1" hai0="20,58,121,11,119,40,72,21,5,33,52,77,19" hai1="53,27,14,79,122,76,131,44,115,106,123,90,57" hai2="81,109,50,126,60,39,62,47,125,88,9,67,2" hai3="45,75,127,63,1,101,3,104,61,130,16,13,93"/><U103/><E115/><V80/><F39/><W41/><G130/><T56/><D119/><U34/><E131/><V4/><F109/><W36/><G127/><T38/><D121/><U30/><E44/><V6/><F6/><W48/><G75/><T54/><D33/><U22/><E90/><V87/><F81/><W28/><G28/><T70/><D70/><U135/><E135/><V134/><F134/><W17/><G104/><T42/><D38/><U59/><E59/><V71/><REACH who="2" step="1"/><F62/><REACH who="2" ten="363,394,37,186" step="2"/><W100/><G36/><T107/><D5/><U7/><E7/><V129/><F129/><W32/><G61/><T120/><D120/><U26/><E123/><V10/><F10/><W69/><G63/><T68/><D11/><U66/><E122/><V132/><F132/><W78/><G1/><T55/><D68/><U12/><E76/><V35/><F35/><W64/><G3/><T96/><D77/><U95/><E79/><V97/><F97/><W124/><G78/><T114/><D96/><U116/><E34/><V99/><F99/><W118/><G32/><T133/><D133/><U83/><E83/><V0/><F0/><W25/><G69/><T15/><D72/><U65/><E106/><V92/><F92/><W73/><G93/><T105/><D107/><U94/><E95/><V18/><F18/><W82/><G82/><T89/><D105/><U29/><E94/><V84/><F84/><W91/><G73/><T128/><D19/><U111/><E111/><V110/><F110/><W102/><G16/><N who="0" m="10271" /><D128/><U23/><E29/><V49/><F49/><W43/><G48/><RYUUKYOKU ba="3,2" sc="363,-10,394,-10,37,30,186,-10" hai2="2,4,9,47,50,60,67,71,80,87,88,125,126" /><INIT seed="6,4,2,0,2,88" ten="353,384,67,176" oya="2" hai0="116,10,94,99,129,107,15,121,26,124,2,117,21" hai1="58,11,24,22,51,69,126,132,118,97,100,48,115" hai2="68,50,90,106,27,82,105,96,73,44,20,64,111" hai3="76,37,30,71,102,93,75,40,109,5,87,57,38"/><V123/><F123/><W31/><G109/><T134/><D121/><U120/><E118/><N who="0" m="45673" /><D124/><U17/><E120/><V8/><F111/><W81/><G71/><T112/><D112/><U127/><E69/><V74/><F8/><W16/><G37/><T32/><D134/><U13/><E132/><V128/><F128/><W33/><G33/><T113/><D113/><U65/><E115/><V45/><F45/><W12/><G5/><N who="0" m="3535" /><D107/><U95/><E65/><V56/><F68/><W80/><G38/><T92/><D32/><U84/><E84/><V34/><F34/><W98/><G40/><T41/><D2/><U39/><E39/><V55/><F105/><W62/><G80/><T14/><D14/><U114/><E114/><V108/><F108/><W9/><G75/><T3/><D3/><U52/><REACH who="1" step="1"/><E51/><REACH who="1" ten="353,374,67,176" step="2"/><V29/><F106/><W43/><G43/><T86/><D41/><U46/><E46/><V91/><F64/><AGARI ba="4,3" hai="9,12,16,30,31,57,62,64,76,81,87,93,98,102" machi="64" ten="30,7700,0" yaku="7,1,8,1,52,1,54,1" doraHai="88" who="3" fromWho="2" sc="353,0,374,0,67,-89,176,119" owari="353,15.0,374,47.0,-22,-52.0,295,-10.0" /></mjloggm>