<mjloggm ver="2.3"><GO type="169" lobby="0"/><UN n0="%42%65%6E%63%68%69%6E%67" n1="%67%61%73%71%75%65%65%74" n2="%31%35%2E%31%35%63%6D" n3="%4C%6E%69%6B%69" dan="18,16,16,16" rate="2255.94,2123.82,2068.28,2134.84" sx="M,M,M,M"/><TAIKYOKU oya="0"/><INIT seed="0,0,0,2,0,98" ten="250,250,250,250" oya="0" hai0="65,111,102,9,8,75,59,23,40,91,70,10,55" hai1="46,14,71,34,45,131,16,130,66,22,96,6,36" hai2="115,129,74,15,67,108,103,107,94,82,120,68,69" hai3="116,52,118,42,89,133,50,121,0,113,61,106,64"/><T79/><D111/><U83/><E34/><V60/><F115/><W2/><G113/><T38/><D91/><U21/><E6/><V76/><F120/><W86/><G106/><T19/><D70/><U37/><E83/><V29/><F129/><N who="1" m="49161" /><E22/><V62/><F15/><W49/><G133/><T135/><D135/><U31/><E31/><V17/><F17/><W5/><G121/><T26/><D65/><U119/><E119/><V84/><F29/><W24/><G49/><T43/><D38/><N who="1" m="14955" /><E96/><N who="2" m="61927" /><F62/><AGARI ba="0,0" hai="14,16,21,45,46,62,66,71" m="14955,49161" machi="62" ten="30,2000,0" yaku="19,1,54,1" doraHai="98" who="1" fromWho="2" sc="250,0,250,20,250,-20,250,0" /><INIT seed="1,0,0,4,4,57" ten="250,270,230,250" oya="1" hai0="41,58,119,76,125,19,13,9,121,23,61,4,24" hai1="35,90,75,52,28,91,14,25,60,81,83,134,12" hai2="48,106,62,77,103,99,64,18,132,54,45,129,86" hai3="118,30,55,42,63,112,123,70,79,88,27,128,33"/><U97/><E134/><V74/><F132/><W133/><G123/><T51/><D119/><U26/><E75/><V124/><F129/><W8/><G133/><T108/><D125/><U44/><E44/><V53/><F124/><W111/><G112/><T32/><D108/><U11/><E26/><V20/><F74/><W2/><G111/><T66/><D121/><U87/><E97/><V56/><F86/><W95/><G79/><T104/><D104/><U117/><E117/><V122/><F77/><W120/><G120/><T65/><D76/><U89/><E81/><V109/><F109/><W49/><G128/><T17/><D32/><U110/><E14/><V94/><F122/><W78/><G78/><T116/><D116/><U29/><E29/><V22/><F106/><W21/><G42/><T6/><REACH who="0" step="1"/><D66/><REACH who="0" ten="240,270,230,250" step="2"/><U82/><E110/><V68/><REACH who="2" step="1"/><F18/><REACH who="2" ten="240,270,220,250" step="2"/><W96/><G118/><T69/><D69/><U135/><E135/><V101/><F101/><W34/><G70/><T46/><AGARI ba="0,2" hai="4,6,9,13,17,19,23,24,41,46,51,58,61,65" machi="46" ten="30,8000,1" yaku="1,1,0,1,8,1,52,1,53,1" doraHai="57" doraHaiUra="39" who="0" fromWho="0" sc="240,100,270,-40,220,-20,250,-20" /><INIT seed="2,0,0,2,1,37" ten="340,230,200,230" oya="2" hai0="71,113,39,12,62,89,0,60,53,112,81,6,33" hai1="35,26,1,99,2,45,16,34,75,127,72,56,15" hai2="46,78,24,122,70,133,23,111,121,65,94,61,88" hai3="115,28,51,49,3,25,10,47,128,87,20,74,98"/><V73/><F133/><W42/><G74/><T18/><D33/><U83/><E56/><V64/><F64/><W101/><G128/><T21/><D39/><U59/><E59/><V132/><F132/><W85/><G115/><T80/><D62/><U120/><E99/><V38/><F111/><W126/><G126/><T58/><D71/><U66/><E66/><V123/><F78/><W9/><G49/><T105/><D105/><U63/><E63/><V119/><F119/><W13/><G3/><T95/><D0/><U57/><E57/><V14/><F14/><W17/><REACH who="3" step="1"/><G9/><REACH who="3" ten="340,230,200,220" step="2"/><N who="0" m="4151" /><D112/><U125/><E1/><V131/><F131/><W52/><G52/><T79/><D113/><U7/><E125/><V106/><F73/><W8/><G8/><T92/><D79/><N who="1" m="44519" /><E75/><V100/><F122/><W118/><G118/><T19/><D53/><U97/><E127/><V108/><F123/><W67/><G67/><T124/><D124/><U82/><E120/><V107/><F121/><W48/><G48/><T102/><D60/><U135/><E135/><V93/><F38/><W5/><G5/><T50/><D50/><U116/><E7/><V22/><F65/><W129/><G129/><T76/><D76/><U32/><E116/><V43/><F61/><W91/><G91/><T4/><D4/><U40/><E2/><V110/><F88/><W117/><G117/><T90/><D90/><U114/><E114/><V68/><F68/><W109/><G109/><T36/><D36/><U55/><E55/><V96/><F108/><W69/><G69/><T103/><D89/><U84/><E45/><RYUUKYOKU ba="0,1" sc="340,-10,230,-10,200,-10,220,30" hai3="10,13,17,20,25,28,42,47,51,85,87,98,101" /><INIT seed="3,1,1,1,3,134" ten="330,220,190,250" oya="3" hai0="29,63,130,45,73,20,49,31,125,10,109,59,88" hai1="37,35,102,113,32,132,7,123,11,6,89,118,124" hai2="2,65,47,92,87,105,17,133,97,81,4,5,86" hai3="69,58,38,55,23,14,68,64,128,60,84,99,56"/><W43/><G128/><T104/><D130/><U122/><E37/><V42/><F133/><W115/><G115/><T79/><D104/><U107/><E132/><V36/><F105/><W119/><G119/><T57/><D109/><U76/><E89/><V67/><F86/><W82/><G99/><T75/><D125/><U114/><E76/><V106/><F106/><W30/><G43/><T120/><D120/><N who="1" m="46123" /><E118/><V110/><F110/><W111/><G38/><T95/><D73/><U83/><E83/><V117/><F117/><W53/><G64/><T39/><D39/><U26/><E26/><V91/><F17/><W27/><G14/><T72/><D72/><U62/><E62/><V121/><F121/><W19/><G19/><T13/><D79/><U40/><E40/><V33/><F33/><N who="1" m="12873" /><E6/><V22/><F22/><W80/><G80/><T18/><D75/><U96/><E124/><V28/><F5/><W54/><G54/><N who="0" m="29999" /><D20/><U108/><E108/><V98/><F98/><W25/><G25/><T129/><D129/><U51/><E51/><V101/><REACH who="2" step="1"/><F28/><REACH who="2" ten="330,220,180,250" step="2"/><N who="0" m="10826" /><D63/><U12/><E114/><V8/><AGARI ba="1,2" hai="2,4,8,36,42,47,65,67,81,87,91,92,97,101" machi="8" ten="30,2000,0" yaku="1,1,0,1,53,0" doraHai="134" doraHaiUra="52" who="2" fromWho="2" sc="330,-6,220,-6,180,43,250,-11" /><INIT seed="4,0,0,0,5,89" ten="324,214,223,239" oya="0" hai0="3,83,1,19,70,91,106,53,14,44,121,49,58" hai1="13,115,74,47,78,54,33,55,93,22,119,125,52" hai2="72,16,21,107,75,17,27,30,31,113,97,98,92" hai3="117,0,76,36,87,34,118,18,90,32,127,5,59"/><T132/><D132/><U82/><E119/><V61/><F113/><W103/><G36/><T73/><D70/><U40/><E33/><V128/><F128/><W65/><G127/><T41/><D106/><U23/><E125/><V39/><F39/><W108/><G108/><T12/><D12/><U134/><E134/><V46/><F46/><W135/><G135/><T129/><D121/><U42/><E115/><V10/><F107/><W28/><G76/><T2/><D129/><U15/><E40/><V7/><F97/><W57/><G18/><T69/><D69/><U120/><E120/><V51/><F51/><W67/><G103/><T95/><D83/><U71/><E71/><V94/><F17/><W6/><G87/><T26/><D73/><U88/><E13/><N who="2" m="5343" /><F72/><W124/><G124/><T48/><D26/><U122/><E15/><V62/><F75/><W4/><G90/><T105/><D105/><U102/><E102/><N who="2" m="60743" /><F94/><W130/><G130/><T96/><REACH who="0" step="1"/><D1/><REACH who="0" ten="314,214,223,239" step="2"/><U56/><E122/><V63/><AGARI ba="0,1" hai="16,21,27,30,31,61,62,63" m="60743,5343" machi="63" ten="30,4000,0" yaku="8,1,52,1,54,1" doraHai="89" who="2" fromWho="2" sc="314,-20,214,-10,223,50,239,-10" /><INIT seed="5,0,0,0,4,71" ten="294,204,273,229" oya="1" hai0="57,18,32,52,35,107,1,95,62,3,53,106,131" hai1="114,2,47,70,133,58,94,19,44,72,75,113,6" hai2="127,61,103,37,135,65,129,124,59,11,104,80,100" hai3="116,41,34,132,31,17,23,68,73,43,64,130,79"/><U83/><E70/><V45/><F135/><W108/><G108/><T12/><D131/><U63/><E133/><V46/><F129/><W56/><G68/><T112/><D112/><N who="1" m="43115" /><E19/><V93/><F104/><W20/><G130/><T39/><D39/><U84/><E94/><V16/><F80/><W14/><G34/><T97/><D32/><U29/><E29/><V105/><F105/><W126/><G126/><N who="2" m="48169" /><F93/><W26/><G116/><T96/><D35/><U134/><E134/><V92/><F92/><W74/><G132/><T55/><D106/><U89/><E6/><V24/><F46/><N who="1" m="17449" /><E2/><V128/><F128/><W91/><G91/><T99/><D107/><U76/><E89/><V25/><F25/><W90/><G90/><T88/><D3/><U78/><E76/><V8/><F8/><W22/><G22/><N who="0" m="11591" /><D1/><U30/><E30/><V13/><F24/><W50/><G79/><T118/><D118/><U98/><E98/><AGARI ba="0,0" hai="52,53,55,57,62,88,95,96,97,98,99" m="11591" machi="98" ten="30,3900,0" yaku="8,1,54,2" doraHai="71" who="0" fromWho="1" sc="294,39,204,-39,273,0,229,0" /><INIT seed="6,0,0,2,2,70" ten="333,165,273,229" oya="2" hai0="104,19,93,46,81,75,97,51,114,86,79,25,101" hai1="126,117,43,58,128,119,56,26,102,112,4,118,57" hai2="106,125,60,27,0,133,87,8,100,13,123,47,115" hai3="120,48,24,49,132,67,116,131,113,98,89,9,72"/><V99/><F123/><W29/><G120/><T31/><D114/><U84/><E4/><V21/><F115/><W7/><G72/><T22/><D75/><U41/><E112/><V105/><F133/><W110/><G110/><T77/><D104/><U38/><E102/><V33/><F125/><W88/><G132/><T44/><D79/><U95/><E26/><V61/><F105/><W78/><G78/><T34/><D51/><U76/><E95/><V111/><F111/><W39/><G39/><T42/><D42/><U90/><E76/><V122/><F122/><W23/><G131/><T135/><D135/><U52/><E90/><V94/><F33/><W92/><G116/><T5/><D5/><U121/><E84/><V91/><F47/><W11/><G11/><T80/><D81/><U62/><E121/><V6/><REACH who="2" step="1"/><F0/><REACH who="2" ten="333,165,263,229" step="2"/><W109/><G113/><T134/><D134/><U83/><E126/><V28/><AGARI ba="0,1" hai="6,8,13,21,27,28,60,61,87,91,94,99,100,106" machi="28" ten="20,7800,0" yaku="1,1,2,1,0,1,7,1,53,0" doraHai="70" doraHaiUra="130" who="2" fromWho="2" sc="333,-26,165,-26,263,88,229,-26" /><INIT seed="6,1,0,0,4,117" ten="307,139,351,203" oya="2" hai0="25,1,82,109,112,53,27,61,4,28,47,6,88" hai1="46,116,123,58,0,8,13,69,9,49,18,75,19" hai2="16,37,68,45,104,60,78,120,30,34,26,74,127" hai3="128,114,111,41,35,2,121,115,20,134,77,59,56"/><V129/><F16/><W91/><G35/><T14/><D112/><N who="3" m="43049" /><G111/><T105/><D1/><U38/><E69/><V21/><F21/><W22/><G2/><T126/><D105/><U107/><E116/><V118/><F118/><W102/><G102/><T15/><D126/><U92/><E75/><V76/><F76/><W94/><G128/><T86/><D109/><U33/><E107/><V52/><F104/><W132/><G77/><T64/><D25/><U99/><E33/><V24/><F24/><W100/><G41/><T108/><D108/><U5/><E38/><V62/><F37/><W85/><G100/><T84/><D84/><U31/><E31/><V63/><F129/><W80/><G80/><T87/><D87/><U40/><E19/><V125/><F78/><W36/><G36/><T57/><D4/><U39/><E39/><V48/><F68/><W66/><G59/><T54/><D6/><U113/><E113/><V50/><F74/><W130/><G130/><T124/><D124/><N who="2" m="47690" /><F50/><W119/><G119/><T89/><D89/><U95/><E49/><V135/><F135/><N who="3" m="51755" /><G121/><AGARI ba="1,0" hai="26,30,34,45,48,52,60,62,63,120,121" m="47690" machi="121" ten="30,11600,0" yaku="18,1,52,2,54,1" doraHai="117" who="2" fromWho="3" sc="307,0,139,0,351,119,203,-119" /><INIT seed="6,2,0,3,0,91" ten="307,139,470,84" oya="2" hai0="72,18,113,28,125,111,108,25,97,96,48,102,89" hai1="75,114,123,79,0,109,78,81,43,14,70,132,9" hai2="30,103,7,11,93,35,49,36,110,104,119,86,19" hai3="54,116,16,131,117,63,120,45,21,26,68,4,74"/><V15/><F36/><W17/><G120/><T106/><D125/><U105/><E109/><V27/><F119/><W130/><G74/><T46/><D72/><U76/><E105/><V135/><F135/><W98/><G68/><T99/><D113/><U83/><E70/><V128/><F128/><N who="3" m="49195" /><G45/><T51/><D51/><U82/><E0/><V29/><F104/><W44/><G44/><T12/><D89/><U85/><E114/><V57/><F86/><W90/><G17/><T60/><D60/><U56/><E132/><V66/><F35/><W1/><G4/><T40/><D111/><U112/><E112/><V115/><F115/><W73/><G1/><T39/><D39/><U5/><E123/><V8/><F8/><W55/><G73/><T50/><D50/><U24/><E43/><V88/><F49/><W58/><G55/><T95/><D106/><U77/><E75/><V3/><F7/><W92/><AGARI ba="2,0" hai="16,21,26,54,58,63,90,92,98,116,117" m="49195" machi="92" ten="30,7900,0" yaku="25,1,19,1,52,1,54,1" doraHai="91" who="3" fromWho="3" sc="307,-22,139,-22,470,-41,84,85" /><INIT seed="7,0,0,0,4,76" ten="285,117,429,169" oya="3" hai0="32,129,37,64,47,57,45,10,14,118,17,98,29" hai1="24,56,73,132,86,75,55,92,79,7,48,26,8" hai2="104,13,82,63,65,113,109,44,130,42,74,46,34" hai3="49,100,16,11,88,119,61,78,81,111,20,68,94"/><W1/><G119/><T134/><D118/><U106/><E132/><V60/><F109/><W133/><G133/><T127/><D134/><U101/><E106/><V110/><F110/><W117/><G117/><T126/><D129/><U95/><E73/><V41/><F34/><W15/><G100/><T67/><D37/><U80/><E75/><V135/><F104/><W33/><G33/><T21/><D32/><U9/><E9/><V108/><F113/><W18/><G49/><T115/><D115/><U96/><REACH who="1" step="1"/><E92/><REACH who="1" ten="285,107,429,169" step="2"/><V35/><F13/><AGARI ba="0,1" hai="7,8,13,24,26,48,55,56,79,80,86,95,96,101" machi="13" ten="30,12000,2" yaku="1,1,2,1,7,1,8,1,52,1,53,1" doraHai="76" doraHaiUra="0" who="1" fromWho="2" sc="285,0,107,130,429,-120,169,0" owari="285,9.0,237,-16.0,309,40.0,169,-33.0" /></mjloggm>