<mjloggm ver="2.3"><GO type="169" lobby="0"/><UN n0="%E3%81%AE%E3%81%B3%E5%A4%AA%E3%81%8F%E3%82%93" n1="%E3%83%9E%E3%83%AA%E3%83%83%E3%82%B5%E3%82%AF%E3%83%BC%E3%83%91%E3%83%BC" n2="%E6%84%9A%E5%BD%A2%E3%81%AE%E6%84%9A%E5%85%84" n3="%E3%83%A9%E3%82%B9%E3%82%8B%E3%81%8B%E3%81%AA" dan="16,16,17,17" rate="2096.75,2131.96,2131.21,2161.92" sx="M,M,M,M"/><TAIKYOKU oya="0"/><INIT seed="0,0,0,4,5,111" ten="250,250,250,250" oya="0" hai0="32,39,26,50,72,96,38,27,98,15,93,102,83" hai1="127,68,45,131,109,28,86,44,47,77,89,85,22" hai2="5,73,80,92,53,121,36,25,116,82,8,124,105" hai3="63,57,11,78,74,130,3,94,67,4,99,114,35"/><T21/><D32/><U37/><E109/><V110/><F121/><W30/><G130/><T19/><D27/><U23/><E131/><V135/><F110/><W40/><G40/><T104/><D50/><U49/><E68/><V133/><F105/><W61/><G61/><T122/><D122/><U52/><E127/><V46/><F124/><W71/><G78/><T16/><D83/><N who="1" m="47343" /><E37/><V7/><F92/><W10/><G74/><T115/><D72/><U60/><E60/><V79/><F82/><W42/><G42/><T17/><D115/><U59/><E28/><V29/><F116/><W81/><G81/><AGARI ba="0,0" hai="22,23,44,45,47,49,52,59,81,86,89" m="47343" machi="81" ten="30,2000,0" yaku="8,1,54,1" doraHai="111" who="1" fromWho="3" sc="250,0,250,20,250,0,250,-20" /><INIT seed="1,0,0,1,5,115" ten="250,270,250,230" oya="1" hai0="91,114,109,128,1,14,111,95,6,31,15,29,131" hai1="23,72,46,120,16,32,103,93,5,132,50,108,62" hai2="4,116,34,9,133,102,49,3,41,82,60,127,42" hai3="86,83,130,0,77,106,89,7,57,55,118,36,74"/><U81/><E120/><V107/><F133/><W71/><G71/><T88/><D95/><U22/><E32/><V37/><F127/><W51/><G36/><T69/><D69/><U79/><E132/><V126/><F126/><W8/><G130/><N who="0" m="49707" /><D114/><U11/><E108/><N who="0" m="41545" /><D88/><U75/><E62/><V39/><F82/><W135/><G135/><T13/><D91/><U87/><E103/><V17/><F60/><W134/><G134/><T122/><D122/><U92/><E23/><V24/><F34/><W80/><REACH who="3" step="1"/><G106/><REACH who="3" ten="250,270,250,220" step="2"/><T38/><D38/><U43/><E72/><V45/><F107/><W113/><G113/><T18/><D18/><U56/><E75/><V12/><F17/><W90/><G90/><T63/><D63/><U44/><E44/><V33/><F45/><W84/><G84/><T123/><D123/><U76/><E56/><V112/><F112/><W98/><G98/><T85/><D85/><U27/><REACH who="1" step="1"/><E76/><REACH who="1" ten="250,260,250,220" step="2"/><V25/><F102/><W52/><G52/><T70/><D70/><U124/><E124/><V53/><F53/><W59/><G59/><T64/><D64/><U101/><E101/><V104/><F41/><W94/><G94/><T30/><D6/><U117/><E117/><AGARI ba="0,2" hai="0,7,8,51,55,57,74,77,80,83,86,89,117,118" machi="117" ten="40,5200,0" yaku="1,1,52,2,53,0" doraHai="115" doraHaiUra="121" who="3" fromWho="1" sc="250,0,260,-52,250,0,220,72" /><INIT seed="2,0,0,0,5,28" ten="250,208,250,292" oya="2" hai0="77,126,94,20,67,125,104,39,93,90,62,7,55" hai1="65,76,16,109,48,52,96,37,64,29,14,8,135" hai2="71,13,35,121,101,119,66,82,98,134,84,95,32" hai3="51,113,6,10,86,19,25,4,60,15,122,70,97"/><V50/><F121/><W42/><G122/><T56/><D104/><U45/><E109/><V34/><F119/><W130/><G130/><T12/><D39/><U1/><E135/><V40/><F134/><W17/><G113/><T105/><D105/><U124/><E124/><N who="0" m="47721" /><D77/><U72/><E37/><V3/><F3/><W111/><G111/><T108/><D108/><U132/><E132/><V46/><F13/><W83/><G97/><T87/><D94/><U78/><E1/><V38/><F38/><W79/><G70/><T112/><D112/><U102/><E29/><V18/><F18/><W63/><G19/><N who="0" m="10343" /><D7/><N who="3" m="2601" /><G25/><T81/><D81/><U88/><E102/><V59/><F71/><W24/><G24/><T0/><D0/><U47/><E72/><V61/><REACH who="2" step="1"/><F34/><REACH who="2" ten="250,208,240,292" step="2"/><W123/><G123/><T80/><D80/><U11/><E11/><V49/><F49/><W33/><G33/><T117/><D117/><U100/><E78/><AGARI ba="0,1" hai="32,35,40,46,50,59,61,66,78,82,84,95,98,101" machi="78" ten="30,11600,0" yaku="1,1,7,1,52,2,53,0" doraHai="28" doraHaiUra="110" who="2" fromWho="1" sc="250,0,208,-116,240,126,292,0" /><INIT seed="2,1,0,5,2,48" ten="250,92,366,292" oya="2" hai0="134,87,79,7,86,46,40,6,31,56,15,35,66" hai1="69,18,94,96,12,4,95,84,1,32,116,115,135" hai2="44,20,59,27,65,120,81,133,131,78,62,92,90" hai3="102,113,41,108,99,34,123,114,64,128,104,88,127"/><V70/><F131/><W105/><G34/><T21/><D134/><U74/><E115/><N who="3" m="44042" /><G64/><T67/><D35/><U51/><E74/><V129/><F129/><W55/><G41/><T53/><D31/><U93/><E69/><V130/><F130/><W16/><G128/><T19/><D6/><U22/><E116/><V47/><F133/><W11/><G123/><T132/><D7/><U103/><E135/><V119/><F70/><W14/><G108/><T36/><D132/><U73/><E73/><V23/><F119/><W124/><G105/><T26/><D26/><U30/><E84/><N who="2" m="48183" /><F20/><W33/><G33/><T45/><D45/><U60/><E60/><V38/><F38/><W17/><G17/><T42/><D42/><U77/><E77/><V107/><F107/><W111/><G111/><T101/><D101/><U54/><E32/><V49/><F49/><W39/><G39/><T110/><D110/><U61/><E61/><V106/><F106/><W5/><G5/><T118/><D118/><U112/><E112/><V75/><F75/><W0/><G0/><T91/><D86/><U125/><E30/><N who="2" m="17791" /><F120/><W72/><G72/><T43/><D43/><U37/><E37/><V100/><F100/><W57/><G88/><T24/><D79/><U76/><E76/><V98/><AGARI ba="1,0" hai="44,47,59,62,65,90,92,98" m="17791,48183" machi="98" ten="30,1500,0" yaku="8,1" doraHai="48" who="2" fromWho="2" sc="250,-6,92,-6,366,18,292,-6" /><INIT seed="2,2,0,5,5,94" ten="244,86,384,286" oya="2" hai0="58,79,115,56,34,4,33,32,125,6,27,45,111" hai1="104,2,133,130,51,80,82,60,46,113,83,64,22" hai2="21,37,35,95,123,48,96,100,135,132,44,103,20" hai3="116,55,112,134,93,99,49,43,24,107,98,119,52"/><V78/><F123/><W9/><G134/><N who="2" m="51241" /><F37/><W108/><G108/><T68/><D115/><U92/><E133/><V70/><F70/><W118/><G112/><T47/><D111/><U77/><E113/><V85/><F35/><W90/><G24/><T0/><D68/><U76/><E2/><V17/><F85/><W73/><G73/><T61/><D0/><U59/><E130/><V105/><F78/><W23/><G23/><T3/><D3/><U97/><E22/><V26/><F21/><W16/><G43/><T84/><D125/><U13/><E13/><V127/><F127/><W63/><G63/><T10/><D27/><U19/><E19/><V91/><F105/><W54/><G9/><T42/><D79/><U18/><E18/><V15/><F26/><W121/><G16/><T29/><D84/><U106/><E106/><V71/><F71/><W101/><REACH who="3" step="1"/><G121/><REACH who="3" ten="244,86,384,276" step="2"/><T69/><D10/><U53/><REACH who="1" step="1"/><E104/><REACH who="1" ten="244,76,384,276" step="2"/><V128/><F128/><W74/><G74/><T88/><D32/><U41/><E41/><AGARI ba="2,2" hai="15,17,20,41,44,48,91,95,96,100,103" m="51241" machi="41" ten="30,2900,0" yaku="20,1,52,1" doraHai="94" who="2" fromWho="1" sc="244,0,76,-35,384,55,276,0" /><INIT seed="2,3,0,5,1,50" ten="244,41,439,276" oya="2" hai0="31,23,29,98,54,17,103,129,46,89,102,36,53" hai1="45,22,11,67,57,123,52,38,62,25,101,58,108" hai2="55,130,93,90,64,79,104,82,105,91,85,6,86" hai3="13,40,127,88,18,80,33,83,32,75,68,12,41"/><V96/><F6/><W95/><G68/><T19/><D36/><U56/><E108/><V5/><F5/><W39/><G127/><T42/><D129/><U4/><E123/><V21/><F21/><W94/><G39/><T118/><D118/><U134/><E101/><N who="0" m="38409" /><D46/><U59/><E134/><V10/><F10/><W111/><G75/><T128/><D42/><U92/><E92/><V121/><F64/><W27/><G27/><N who="0" m="14831" /><D128/><U114/><E114/><V112/><F112/><W69/><G69/><T116/><D116/><U24/><E22/><V106/><F130/><W125/><G125/><T100/><N who="0" m="38417" /><T124/><DORA hai="107" /><D124/><U28/><E28/><N who="0" m="10825" /><D19/><U117/><E117/><V47/><F121/><W135/><G18/><T81/><D98/><U84/><E84/><AGARI ba="3,0" hai="53,54,81,84,89" m="10825,14831,38417" machi="84" ten="40,5200,0" yaku="8,1,52,2" doraHai="50,107" who="0" fromWho="1" sc="244,61,41,-61,439,0,276,0" owari="305,11.0,-20,-52.0,439,53.0,276,-12.0" /></mjloggm>