<mjloggm ver="2.3"><GO type="169" lobby="0"/><UN n0="%E3%81%88%E3%81%84%E3%81%8D%E3%81%A1%40%35%6D%66" n1="%EF%BC%8A%E7%B4%97%E5%BC%A5%E8%8F%AF%EF%BC%8A" n2="%74%61%6B%65%33" n3="%6B%61%6B%75%6D%61%37" dan="18,17,16,16" rate="2208.76,2157.49,2055.09,2100.41" sx="M,F,M,M"/><TAIKYOKU oya="0"/><INIT seed="0,0,0,1,0,49" ten="250,250,250,250" oya="0" hai0="133,91,24,108,118,125,7,10,129,23,96,102,76" hai1="131,62,115,22,110,27,78,4,45,55,41,114,87" hai2="44,72,16,46,103,15,65,89,93,39,43,71,128" hai3="18,95,29,3,5,11,13,122,113,134,74,52,121"/><T66/><D118/><U53/><E4/><V6/><F128/><W92/><G113/><N who="1" m="43018" /><E131/><V94/><F72/><W37/><G74/><T126/><D129/><U73/><E73/><V12/><F103/><W105/><G37/><T112/><D112/><U47/><E110/><V75/><F75/><W104/><G134/><T19/><D76/><U64/><E87/><V81/><F71/><W84/><G95/><T135/><D91/><U60/><E78/><V56/><F46/><N who="1" m="17417" /><E41/><V48/><F6/><W120/><G92/><N who="0" m="58631" /><D66/><U57/><E62/><N who="2" m="38087" /><F12/><W80/><G29/><AGARI ba="0,0" hai="22,27,29,53,55,57,60,64" m="17417,43018" machi="29" ten="30,3900,0" yaku="11,1,52,2" doraHai="49" who="1" fromWho="3" sc="250,0,250,39,250,0,250,-39" /><INIT seed="1,0,0,3,3,55" ten="250,289,250,211" oya="1" hai0="130,11,102,1,135,16,46,66,57,79,23,59,47" hai1="105,115,70,86,51,113,121,44,39,92,41,27,82" hai2="61,106,89,119,116,37,49,9,34,12,87,99,63" hai3="40,108,83,76,54,6,88,90,31,104,134,4,8"/><U48/><E105/><V96/><F37/><W91/><G108/><T24/><D130/><U15/><E121/><V74/><F74/><W67/><G104/><T2/><D135/><U107/><E107/><V69/><F34/><W64/><G134/><T101/><D79/><U112/><E70/><V78/><F78/><W33/><G33/><T56/><D66/><U109/><E109/><V77/><F77/><W126/><G126/><T103/><REACH who="0" step="1"/><D11/><REACH who="0" ten="240,289,250,211" step="2"/><U75/><E75/><V110/><F9/><W35/><G64/><T85/><D85/><U52/><E86/><V32/><F87/><N who="3" m="48615" /><G67/><T118/><D118/><U133/><E133/><V84/><F84/><W10/><G8/><T124/><D124/><U43/><E82/><V62/><F119/><W18/><G10/><T97/><D97/><U98/><E98/><V17/><F99/><W36/><G4/><T120/><D120/><U14/><E92/><V21/><F116/><W50/><G6/><T29/><D29/><U127/><E127/><V128/><F128/><W114/><G18/><T42/><D42/><U117/><E43/><V60/><F96/><W0/><G40/><T80/><D80/><U73/><E117/><V19/><F19/><W53/><G31/><T26/><D26/><U28/><E73/><V22/><F17/><W81/><G81/><T68/><D68/><U71/><E71/><V5/><F69/><W45/><G54/><T122/><D122/><U3/><E52/><V100/><F5/><W132/><G132/><T93/><D93/><U111/><E41/><V38/><N who="2" m="15360" /><DORA hai="65" /><V7/><F7/><RYUUKYOKU ba="0,1" sc="240,30,289,-10,250,-10,211,-10" hai0="1,2,16,23,24,46,47,56,57,59,101,102,103" /><INIT seed="2,1,1,2,2,2" ten="270,279,240,201" oya="2" hai0="9,88,121,11,52,126,73,23,60,84,99,114,39" hai1="113,20,42,76,90,61,24,92,3,86,17,65,32" hai2="129,43,119,19,70,127,104,55,53,103,79,48,16" hai3="67,95,8,1,31,63,130,41,15,80,96,108,133"/><V77/><F119/><W62/><G108/><T134/><D121/><U85/><E113/><V59/><F70/><W78/><G133/><T13/><D114/><U97/><E32/><V34/><F127/><W66/><G130/><T5/><D73/><U100/><E3/><V25/><F129/><W26/><G1/><T122/><D122/><U82/><E42/><V135/><F135/><W38/><G38/><T45/><D134/><U22/><E22/><V12/><F43/><W7/><G62/><T69/><D126/><U68/><REACH who="1" step="1"/><E100/><REACH who="1" ten="270,269,240,201" step="2"/><V125/><F125/><W118/><G41/><T102/><D23/><U0/><E0/><V116/><F116/><W6/><G118/><T110/><D110/><U30/><E30/><V124/><F124/><W89/><G67/><T29/><D29/><U28/><E28/><V40/><F40/><W58/><G31/><T132/><D132/><U36/><E36/><V47/><F34/><W44/><G26/><T14/><D39/><U37/><E37/><V123/><F123/><W87/><REACH who="3" step="1"/><G44/><REACH who="3" ten="270,269,240,191" step="2"/><T10/><D45/><U27/><E27/><V109/><F109/><W115/><G115/><T106/><D14/><U83/><E83/><V101/><F25/><W94/><G94/><T71/><D13/><U49/><E49/><N who="2" m="31151" /><F104/><W64/><G64/><T75/><D106/><U4/><E4/><AGARI ba="1,3" hai="4,6,7,8,15,58,63,66,78,80,87,89,95,96" machi="4" ten="30,12000,2" yaku="1,1,7,1,8,1,52,3,53,0" doraHai="2" doraHaiUra="35" who="3" fromWho="1" sc="270,0,269,-123,240,0,191,153" /><INIT seed="3,0,0,0,5,92" ten="270,146,240,344" oya="3" hai0="33,109,103,6,60,111,66,17,83,73,129,102,112" hai1="68,99,81,85,11,104,113,47,75,36,53,97,15" hai2="1,34,0,78,22,131,8,4,25,76,26,135,18" hai3="110,14,116,5,94,63,32,9,46,21,19,54,88"/><W98/><G116/><T48/><D129/><U125/><E113/><V114/><F114/><W84/><G32/><T35/><D112/><U123/><E104/><V95/><F131/><W119/><G119/><T121/><D121/><U2/><E75/><V130/><F130/><W31/><G31/><T105/><D6/><N who="1" m="3575" /><E2/><V58/><F135/><W80/><G110/><N who="0" m="41995" /><D48/><N who="1" m="28831" /><E36/><V43/><F0/><W96/><G46/><T10/><D17/><U57/><E68/><V40/><F43/><W16/><G19/><T128/><D10/><U39/><E39/><V61/><F40/><W86/><G54/><T3/><D3/><U56/><E123/><V93/><F26/><N who="3" m="14631" /><G63/><T45/><D60/><U30/><E30/><V108/><F108/><W122/><G122/><T120/><D33/><U7/><E7/><V44/><F44/><W62/><G62/><T24/><D35/><U126/><E126/><V127/><F127/><W42/><G42/><T134/><D24/><U65/><E65/><V12/><F34/><W29/><G29/><T124/><D66/><U27/><E27/><V91/><F1/><W70/><G70/><T51/><D124/><U72/><E72/><V118/><F118/><W67/><G67/><T132/><D128/><U28/><E28/><V101/><F61/><W100/><G100/><N who="0" m="38443" /><D120/><U89/><E125/><V41/><F41/><W69/><G69/><T38/><D38/><U49/><E49/><V71/><F71/><W90/><AGARI ba="0,0" hai="5,9,14,80,84,86,88,90,94,96,98" m="14631" machi="90" ten="30,12000,1" yaku="8,1,52,2,54,2" doraHai="92" who="3" fromWho="3" sc="270,-40,146,-40,240,-40,344,120" /><INIT seed="3,1,0,1,4,50" ten="230,106,200,464" oya="3" hai0="111,34,5,110,113,98,126,23,20,100,84,79,22" hai1="87,61,130,63,32,19,116,9,57,55,62,39,21" hai2="99,128,135,3,72,73,124,46,17,76,112,45,36" hai3="30,115,129,95,12,49,71,60,41,44,4,10,14"/><W25/><G115/><T94/><D126/><U35/><E39/><V74/><F112/><W107/><G129/><T122/><D122/><U26/><E130/><V121/><F128/><W0/><G107/><T117/><D117/><U104/><E104/><V119/><F119/><W38/><G71/><T131/><D131/><U65/><E116/><V58/><F3/><W37/><G60/><T53/><D113/><U42/><E42/><V1/><F1/><W13/><REACH who="3" step="1"/><G95/><REACH who="3" ten="230,106,200,454" step="2"/><T29/><D94/><U69/><E63/><V103/><F121/><W81/><G81/><T102/><D110/><U51/><E62/><V33/><F124/><W123/><G123/><T85/><D111/><U47/><E69/><V43/><F135/><W67/><G67/><T7/><D102/><U134/><E134/><V125/><F125/><W2/><G2/><T64/><D100/><U80/><REACH who="1" step="1"/><E9/><REACH who="1" ten="230,96,200,454" step="2"/><V90/><F36/><W31/><G31/><T68/><D29/><U118/><E118/><V101/><F101/><W48/><G48/><T92/><D68/><U75/><E75/><V89/><F103/><W106/><G106/><T66/><D64/><U11/><E11/><V52/><F74/><W6/><G6/><T70/><D66/><U91/><AGARI ba="1,2" hai="19,21,26,32,35,47,51,55,57,61,65,80,87,91" machi="91" ten="20,8000,1" yaku="1,1,0,1,7,1,52,1,53,1" doraHai="50" doraHaiUra="18" who="1" fromWho="1" sc="230,-21,96,103,200,-21,454,-41" /><INIT seed="4,0,0,2,3,53" ten="209,199,179,413" oya="0" hai0="135,124,17,75,46,44,91,47,82,90,23,112,36" hai1="24,98,62,51,125,39,77,55,87,69,128,103,102" hai2="83,119,105,41,14,127,58,93,7,94,5,131,1" hai3="121,43,2,49,88,120,3,132,126,92,115,129,71"/><T54/><D112/><U18/><E39/><V6/><F105/><W8/><G71/><T85/><D135/><U31/><E128/><V0/><F131/><W12/><G129/><T123/><D123/><N who="3" m="47177" /><G132/><T50/><D124/><U34/><E125/><V67/><F127/><W107/><G107/><T13/><D75/><U21/><E98/><V101/><F119/><W114/><G126/><T25/><D36/><U134/><E134/><V27/><F41/><W99/><G49/><T57/><REACH who="0" step="1"/><D25/><REACH who="0" ten="199,199,179,413" step="2"/><U15/><E77/><AGARI ba="0,1" hai="13,17,23,44,46,47,50,54,57,77,82,85,90,91" machi="77" ten="40,12000,1" yaku="1,1,2,1,8,1,52,1,53,1" doraHai="53" doraHaiUra="16" who="0" fromWho="1" sc="199,130,199,-120,179,0,413,0" /><INIT seed="4,1,0,4,0,1" ten="329,79,179,413" oya="0" hai0="37,35,36,18,93,60,39,23,57,95,53,31,54" hai1="96,129,77,89,52,102,24,34,86,64,70,112,111" hai2="69,80,94,42,107,68,113,21,9,108,8,45,90" hai3="100,122,123,106,19,126,59,81,48,7,74,13,131"/><T71/><D71/><U4/><E111/><V92/><F107/><W11/><G131/><T27/><REACH who="0" step="1"/><D54/><REACH who="0" ten="319,79,179,413" step="2"/><U83/><E52/><V62/><F69/><W132/><G123/><T98/><D98/><U6/><E129/><V104/><F68/><W50/><G122/><T10/><D10/><U40/><E40/><V14/><F8/><W47/><G11/><T65/><D65/><U110/><E110/><V115/><F108/><W79/><G59/><T101/><D101/><U76/><E112/><V118/><F9/><W66/><G100/><T78/><D78/><U46/><E77/><V12/><F42/><W88/><G66/><T63/><D63/><N who="1" m="40223" /><E76/><V26/><F62/><W55/><G55/><T120/><D120/><U15/><E46/><V91/><F45/><W17/><G47/><T73/><D73/><U133/><E133/><V58/><F58/><W72/><G132/><T97/><D97/><U128/><E128/><V3/><F115/><W105/><G74/><T119/><D119/><U103/><E103/><V41/><F118/><W20/><G79/><T28/><D28/><N who="1" m="19719" /><E15/><AGARI ba="1,1" hai="15,18,23,27,31,35,36,37,39,53,57,60,93,95" machi="15" ten="40,2000,0" yaku="1,1,53,0" doraHai="1" doraHaiUra="99" who="0" fromWho="1" sc="319,33,79,-23,179,0,413,0" /><INIT seed="4,2,0,1,2,47" ten="352,56,179,413" oya="0" hai0="35,26,115,111,92,14,83,49,123,126,41,96,16" hai1="7,25,135,116,8,77,54,39,94,101,33,72,86" hai2="37,76,99,114,118,4,23,100,98,1,28,97,53" hai3="73,36,60,20,18,91,128,117,43,5,50,84,61"/><T132/><D123/><U62/><E39/><V27/><F37/><W89/><G128/><T59/><D115/><U108/><E116/><V44/><F114/><W133/><G133/><T6/><D132/><U120/><E108/><V9/><F118/><W67/><G36/><T45/><D111/><U107/><E120/><V34/><F76/><W56/><G73/><T134/><D134/><U80/><E135/><V104/><REACH who="2" step="1"/><F34/><REACH who="2" ten="352,56,169,413" step="2"/><W15/><G117/><T24/><D35/><U66/><E33/><V85/><F85/><W129/><G84/><T65/><D126/><U32/><E32/><V68/><F68/><W95/><G129/><T17/><D83/><U0/><E86/><V122/><F122/><W81/><G81/><T42/><D42/><U46/><E80/><V110/><F110/><W38/><G43/><T55/><D65/><U79/><E66/><V3/><F3/><W78/><G38/><T109/><D109/><U75/><E79/><V131/><F131/><W90/><G78/><T29/><D41/><U52/><E77/><V87/><F87/><W40/><G67/><T127/><D127/><U106/><E75/><V112/><F112/><W88/><G40/><T82/><D82/><U93/><E72/><V119/><F119/><W121/><G121/><T13/><D55/><U2/><E2/><V19/><F19/><W64/><G64/><T71/><D17/><U69/><E54/><V51/><AGARI ba="2,1" hai="1,4,9,23,27,28,44,51,53,97,98,99,100,104" machi="51" ten="30,4000,0" yaku="1,1,0,1,52,1,53,0" doraHai="47" doraHaiUra="10" who="2" fromWho="2" sc="352,-22,56,-12,169,56,413,-12" /><INIT seed="5,0,0,3,1,69" ten="330,44,225,401" oya="1" hai0="17,32,31,118,108,44,67,133,82,128,38,43,7" hai1="27,11,60,45,71,64,24,12,92,15,129,49,120" hai2="127,54,93,88,1,55,114,33,70,46,90,116,5" hai3="98,102,41,19,29,16,9,37,68,105,63,28,86"/><U34/><E120/><V124/><F116/><W94/><G68/><T0/><D108/><U2/><E2/><V18/><F70/><W125/><G125/><T3/><D118/><U4/><E129/><V109/><F109/><W117/><G117/><T40/><D133/><U47/><E34/><V115/><F33/><W96/><G86/><T26/><D128/><U85/><E15/><V110/><F110/><W106/><G63/><T111/><D111/><U74/><E74/><V123/><F123/><W48/><G48/><T121/><D121/><U21/><E21/><V72/><F18/><W13/><G37/><T80/><D67/><U101/><E47/><V126/><F72/><W35/><G41/><T130/><D130/><U112/><E112/><N who="2" m="43051" /><F46/><W61/><G61/><T25/><D40/><U104/><E104/><V65/><F65/><W20/><G35/><T83/><D7/><U53/><REACH who="1" step="1"/><E85/><REACH who="1" ten="330,34,225,401" step="2"/><N who="2" m="52367" /><F90/><W97/><G106/><T10/><D32/><U30/><E30/><N who="3" m="11882" /><G105/><T78/><D31/><U99/><AGARI ba="0,1" hai="4,11,12,24,27,45,49,53,60,64,71,92,99,101" machi="99" ten="30,3000,0" yaku="1,1,0,1,53,0" doraHai="69" doraHaiUra="84" who="1" fromWho="1" sc="330,-10,34,40,225,-10,401,-10" /><INIT seed="5,1,0,1,0,50" ten="320,74,215,391" oya="1" hai0="29,30,68,106,28,107,19,91,114,99,69,23,98" hai1="20,95,88,90,56,100,44,80,60,72,133,87,62" hai2="14,17,73,6,93,75,84,41,64,9,21,82,101" hai3="65,31,58,77,119,103,96,105,7,117,26,57,38"/><U8/><E133/><V125/><F125/><W115/><G115/><T113/><D91/><U124/><E124/><V53/><F64/><W79/><G38/><T36/><D36/><U25/><E72/><V47/><F101/><W48/><G7/><T43/><D43/><U130/><E130/><V51/><F93/><W5/><G5/><T112/><D23/><U127/><E127/><V15/><REACH who="2" step="1"/><F41/><REACH who="2" ten="320,74,205,391" step="2"/><W61/><G119/><T102/><D19/><N who="1" m="12447" /><E100/><AGARI ba="1,1" hai="28,29,30,68,69,98,99,100,102,106,107,112,113,114" machi="100" ten="50,3200,0" yaku="9,1,15,1" doraHai="50" who="0" fromWho="1" sc="320,45,74,-35,205,0,391,0" /><INIT seed="6,0,0,4,0,20" ten="365,39,205,391" oya="2" hai0="83,74,107,46,70,115,67,30,89,24,62,129,63" hai1="103,98,84,73,15,61,1,58,77,35,86,43,124" hai2="11,10,121,80,69,79,9,108,54,27,22,127,81" hai3="134,21,100,47,92,131,57,109,114,18,135,87,41"/><V12/><F121/><W93/><G109/><T51/><D115/><U111/><E1/><V123/><F123/><W113/><G57/><T118/><D129/><U128/><E35/><V5/><F108/><W106/><G131/><T96/><D118/><U119/><E111/><V56/><F69/><W36/><G106/><T117/><D117/><U28/><E119/><V65/><F65/><W71/><G71/><T32/><D63/><U42/><E73/><V75/><F81/><W59/><G59/><T17/><D17/><U99/><E128/><V112/><F127/><W19/><G19/><T25/><D25/><U68/><E68/><V91/><F91/><N who="3" m="53375" /><G100/><N who="0" m="62855" /><D89/><U78/><E124/><V23/><F112/><N who="3" m="43115" /><G93/><T6/><D6/><U0/><E0/><V39/><F39/><W31/><G31/><T94/><D94/><U4/><E28/><V45/><F45/><W55/><G55/><N who="0" m="30199" /><D83/><U49/><E4/><V16/><REACH who="2" step="1"/><F23/><REACH who="2" ten="365,39,195,391" step="2"/><W82/><G82/><T52/><D74/><U29/><E58/><V8/><F8/><W60/><G21/><T85/><D70/><U38/><E38/><V26/><F26/><W90/><G47/><T132/><D67/><U88/><E29/><V116/><F116/><W126/><G36/><T102/><D24/><U48/><E15/><V72/><F72/><W7/><G126/><T122/><D30/><U64/><E64/><V66/><F66/><W133/><G133/><T13/><D132/><U50/><E88/><V110/><F110/><W44/><G90/><T2/><D122/><U105/><E103/><V95/><F95/><W34/><G135/><RYUUKYOKU ba="0,1" sc="365,-10,39,-10,195,30,391,-10" hai2="5,9,10,11,12,16,22,27,54,56,75,79,80" /><INIT seed="6,1,1,1,0,133" ten="355,29,225,381" oya="2" hai0="77,39,32,48,35,73,20,59,76,44,99,57,13" hai1="131,15,116,3,63,112,40,7,87,103,107,132,72" hai2="5,4,115,80,6,123,70,134,12,82,28,54,135" hai3="98,102,104,17,126,75,65,25,58,16,85,111,105"/><V113/><F123/><W118/><G111/><T1/><D1/><U129/><E15/><V42/><F70/><W43/><G118/><T62/><D39/><U81/><E63/><V117/><F117/><W30/><G75/><T106/><D106/><U37/><E7/><V101/><F42/><W33/><G43/><T64/><D99/><U109/><E40/><V9/><F101/><W18/><G85/><T14/><D73/><U34/><E87/><V121/><F121/><W23/><G126/><T0/><D0/><U68/><E81/><N who="2" m="31339" /><F54/><W93/><G33/><T56/><D32/><U66/><E103/><V11/><F28/><W50/><G50/><T90/><D90/><U29/><E66/><V124/><F124/><W127/><G127/><T95/><D95/><U130/><E29/><V89/><F89/><W22/><REACH who="3" step="1"/><G23/><REACH who="3" ten="355,29,225,371" step="2"/><T53/><D35/><U8/><E130/><V83/><N who="2" m="31347" /><V125/><DORA hai="110" /><F125/><W108/><G108/><T122/><D122/><U49/><E129/><V19/><F9/><W88/><G88/><T2/><D20/><U26/><E131/><V86/><F86/><W21/><G21/><T41/><D41/><U79/><E109/><V100/><F100/><W91/><G91/><T51/><D51/><U128/><E116/><V52/><F52/><W78/><G78/><T36/><D76/><U69/><E79/><V97/><F97/><W10/><G10/><T60/><D77/><U71/><E8/><V120/><F120/><W84/><G84/><T67/><D53/><U61/><E128/><V55/><F55/><W46/><G46/><RYUUKYOKU ba="1,2" sc="355,-15,29,-15,225,15,371,15" hai2="4,5,6,11,12,19,113,115,134,135" hai3="16,17,18,22,25,30,58,65,93,98,102,104,105" /><INIT seed="6,2,2,1,0,31" ten="340,14,240,386" oya="2" hai0="72,95,2,7,3,54,14,40,12,17,20,37,46" hai1="128,8,115,42,121,107,131,87,123,81,45,119,62" hai2="49,78,108,36,69,106,51,105,48,99,57,118,74" hai3="116,34,89,104,6,16,76,134,77,27,23,96,101"/><V22/><F118/><W18/><G116/><T43/><D72/><U5/><E119/><V75/><F69/><W97/><G134/><T0/><D40/><U126/><E107/><V68/><F68/><W44/><G6/><T61/><D95/><U47/><E87/><V122/><F122/><N who="1" m="46601" /><E81/><V39/><F57/><W117/><G34/><T86/><D86/><U103/><E103/><V32/><F22/><W33/><G33/><T21/><D54/><U10/><E5/><V88/><F32/><W83/><G117/><T67/><D7/><U92/><E92/><V28/><F28/><W64/><G64/><T65/><D61/><U50/><E10/><V100/><F108/><W66/><G66/><T109/><D109/><U70/><E8/><V129/><F106/><W60/><G60/><T55/><D55/><N who="1" m="30159" /><E70/><V80/><F75/><W24/><G89/><T85/><D85/><U82/><E82/><V41/><F41/><W59/><G83/><T25/><D25/><U84/><E84/><V38/><F88/><W114/><G101/><T1/><N who="0" m="0" /><DORA hai="29" /><T124/><D124/><U30/><E30/><V94/><F105/><W98/><G104/><T102/><D102/><U53/><E126/><V133/><REACH who="2" step="1"/><F133/><REACH who="2" ten="340,14,230,386" step="2"/><W56/><G23/><T135/><D135/><U35/><E35/><V19/><F19/><AGARI ba="2,3" hai="12,14,17,19,20,21,37,43,46,65,67" m="0" machi="19" ten="70,2300,0" yaku="9,1" doraHai="31,29" who="0" fromWho="2" sc="340,59,14,0,230,-29,386,0" /><INIT seed="7,0,0,0,2,19" ten="399,14,201,386" oya="3" hai0="60,118,92,115,90,131,85,80,96,101,45,110,66" hai1="23,44,134,4,49,24,89,72,43,46,119,47,130" hai2="7,97,78,6,103,1,55,104,51,15,30,64,95" hai3="37,17,111,123,102,21,14,114,13,25,98,0,48"/><W50/><G123/><T69/><D110/><U75/><E119/><V59/><F1/><W42/><G0/><T58/><D118/><U34/><E75/><V129/><F129/><W113/><G111/><T32/><D131/><U88/><E72/><V41/><F104/><W87/><G87/><T108/><D108/><U121/><E130/><V63/><F78/><W57/><G37/><T12/><D32/><U112/><E121/><V117/><F117/><W73/><G73/><T8/><D115/><N who="3" m="44041" /><G57/><T38/><D38/><U83/><E34/><V71/><F15/><N who="3" m="5643" /><G42/><T5/><REACH who="0" step="1"/><D45/><REACH who="0" ten="389,14,201,386" step="2"/><U135/><E112/><V82/><F82/><W77/><G77/><T74/><D74/><U105/><E105/><AGARI ba="0,1" hai="17,21,25,48,50,98,102,105" m="5643,44041" machi="105" ten="30,2900,0" yaku="15,1,52,1" doraHai="19" who="3" fromWho="1" sc="389,0,14,-29,201,0,386,39" owari="389,19.0,-15,-52.0,201,-20.0,425,53.0" /></mjloggm>