<mjloggm ver="2.3"><GO type="169" lobby="0"/><UN n0="%50%6F%6F%48%65%3F" n1="%62%69%67%6D%6F%75%74%68" n2="%E3%81%A8%E3%82%8A%E3%81%82%E3%81%88%E3%81%9A%E3%83%93%E3%83%BC%E3%83%AB" n3="%E6%96%B0%E6%9C%88%E9%97%87%E9%9F%B3" dan="17,17,16,16" rate="2145.32,2193.48,2123.40,2074.59" sx="F,M,M,M"/><TAIKYOKU oya="0"/><INIT seed="0,0,0,2,5,133" ten="250,250,250,250" oya="0" hai0="70,54,93,19,24,124,73,111,15,3,21,131,34" hai1="72,45,71,51,103,55,99,39,112,109,5,16,30" hai2="132,46,116,82,129,38,63,20,14,127,29,42,25" hai3="75,17,59,52,114,90,122,110,123,97,92,43,68"/><T47/><D70/><U94/><E71/><V50/><F132/><W37/><G114/><T121/><D121/><N who="3" m="46089" /><G68/><T80/><D3/><U2/><E72/><V105/><F129/><W100/><G75/><T33/><D131/><U107/><E112/><V41/><F105/><W98/><G110/><T7/><D111/><U76/><E109/><V57/><F116/><W88/><G17/><T36/><D93/><U95/><E76/><V44/><F82/><W9/><G9/><T22/><D7/><U128/><E30/><V4/><F4/><W85/><G97/><T60/><D34/><U67/><E67/><V53/><REACH who="2" step="1"/><F14/><REACH who="2" ten="250,250,240,250" step="2"/><W83/><G37/><T0/><D36/><U78/><E128/><V48/><F48/><N who="3" m="31111" /><G43/><T1/><D1/><U102/><E39/><V35/><F35/><W84/><G84/><T10/><D33/><U13/><E5/><V66/><F66/><W11/><G11/><T62/><D0/><U61/><E2/><V104/><F104/><W118/><G118/><T81/><D10/><U120/><E107/><V89/><F89/><AGARI ba="0,1" hai="83,85,88,89,90,92,98,100" m="31111,46089" machi="89" ten="30,3900,0" yaku="13,1,54,2" doraHai="133" who="3" fromWho="2" sc="250,0,250,0,240,-39,250,49" /><INIT seed="1,0,0,5,2,64" ten="250,250,201,299" oya="1" hai0="103,38,78,112,50,81,114,59,23,111,135,46,69" hai1="99,101,26,7,76,37,33,18,21,20,67,88,6" hai2="96,17,56,60,110,48,109,134,36,97,43,115,91" hai3="49,94,44,16,130,84,3,89,85,11,98,83,54"/><U131/><E37/><V79/><F134/><W41/><G130/><T42/><D135/><U108/><E33/><V2/><F2/><W123/><G123/><T62/><D111/><U127/><E108/><V57/><F36/><W122/><G122/><T55/><D103/><U52/><E131/><V22/><F115/><W40/><G3/><T32/><D23/><U39/><E39/><V25/><F110/><W53/><G53/><T71/><D32/><U100/><E127/><V105/><F79/><W29/><G29/><T34/><D34/><U132/><E67/><V77/><F77/><W5/><G5/><T10/><D10/><U128/><E128/><V80/><F105/><W47/><G47/><N who="0" m="24023" /><D81/><U129/><E129/><V113/><F113/><N who="0" m="43626" /><D78/><U118/><E132/><V95/><F80/><W70/><G70/><T73/><D73/><U116/><E76/><V86/><F109/><W121/><G121/><T35/><D35/><U102/><E21/><V13/><F25/><W12/><REACH who="3" step="1"/><G84/><REACH who="3" ten="250,250,201,289" step="2"/><T124/><D124/><U58/><E7/><V24/><F43/><AGARI ba="0,1" hai="43,46,50,55,59,62,69,71" m="43626,24023" machi="43" ten="30,7700,0" yaku="34,2,52,2" doraHai="64" who="0" fromWho="2" sc="250,87,250,0,201,-77,289,0" /><INIT seed="2,0,0,5,1,29" ten="337,250,124,289" oya="2" hai0="115,99,52,60,67,85,122,88,110,83,27,101,1" hai1="11,39,65,61,125,107,129,34,87,2,7,117,118" hai2="3,24,77,16,78,41,25,106,72,86,73,104,58" hai3="102,54,93,53,96,116,135,68,6,75,50,100,42"/><V126/><F126/><W56/><G116/><T123/><D1/><U127/><E87/><V57/><F3/><W119/><G119/><N who="1" m="45578" /><E107/><V44/><F106/><W90/><G135/><T91/><D115/><U51/><E51/><V80/><F104/><W48/><G68/><T132/><D132/><U17/><E17/><V18/><F73/><W26/><G75/><T0/><D0/><U14/><E14/><V38/><F78/><W134/><G6/><T124/><D124/><N who="1" m="47691" /><E129/><V130/><F130/><W71/><G71/><T43/><D43/><U81/><E81/><V36/><F36/><W12/><G12/><T4/><D4/><U92/><E92/><V64/><F72/><W79/><G42/><T89/><D27/><U31/><E39/><V19/><REACH who="2" step="1"/><F58/><REACH who="2" ten="337,250,114,289" step="2"/><W95/><G79/><N who="0" m="46335" /><D123/><U114/><E114/><V9/><F9/><W108/><G134/><T76/><D122/><U20/><E2/><V37/><F37/><W70/><G70/><T40/><D76/><U105/><E105/><V133/><F133/><W22/><G56/><T47/><D47/><U111/><E11/><V8/><F8/><W59/><G59/><T109/><D109/><U13/><E111/><V10/><F10/><W112/><G108/><T97/><D110/><U74/><E74/><V62/><AGARI ba="0,1" hai="16,18,19,24,25,38,41,44,57,62,64,77,80,86" machi="62" ten="30,11700,0" yaku="1,1,0,1,54,1,53,1" doraHai="29" doraHaiUra="55" who="2" fromWho="2" sc="337,-39,250,-39,114,127,289,-39" /><INIT seed="2,1,0,2,5,2" ten="298,211,241,250" oya="2" hai0="99,14,78,4,95,13,131,15,97,42,66,38,105" hai1="120,134,55,34,48,47,67,124,76,61,58,88,31" hai2="51,37,75,126,104,69,106,101,45,54,33,135,96" hai3="17,59,53,77,118,63,115,1,39,73,18,103,129"/><V49/><F37/><W60/><G118/><T70/><D78/><U25/><E124/><V11/><F75/><W127/><G127/><T3/><D131/><U35/><E120/><V30/><F126/><W89/><G129/><T132/><D132/><U50/><E134/><V117/><F117/><W86/><G39/><T98/><D105/><U8/><E76/><V125/><F125/><W108/><G108/><T107/><D107/><U21/><E50/><V74/><F74/><W22/><G115/><T40/><D95/><U71/><E71/><V111/><F111/><W122/><G103/><T128/><D38/><U85/><REACH who="1" step="1"/><E8/><REACH who="1" ten="298,201,241,250" step="2"/><V123/><F123/><W92/><G122/><T36/><D36/><U84/><E84/><V109/><F135/><W64/><G77/><T90/><D128/><U113/><E113/><V6/><F109/><W32/><G73/><T9/><REACH who="0" step="1"/><D90/><REACH who="0" ten="288,201,241,250" step="2"/><U12/><E12/><V68/><F106/><W130/><G89/><T91/><D91/><U10/><E10/><V81/><F104/><W112/><G130/><T24/><D24/><U102/><E102/><V41/><F101/><W7/><G112/><T82/><D82/><AGARI ba="1,2" hai="21,25,31,34,35,47,48,55,58,61,67,82,85,88" machi="82" ten="30,3900,0" yaku="1,1,7,1,54,1,53,0" doraHai="2" doraHaiUra="100" who="1" fromWho="0" sc="288,-42,201,62,241,0,250,0" /><INIT seed="3,0,0,0,3,73" ten="246,263,241,250" oya="3" hai0="129,121,112,52,36,109,13,77,28,37,20,14,125" hai1="35,23,75,19,91,116,127,97,128,119,120,68,5" hai2="2,71,6,108,59,74,9,78,64,114,10,11,15" hai3="69,102,84,80,17,32,123,46,55,39,42,56,27"/><W132/><G123/><T92/><D121/><U96/><E120/><V122/><F114/><W76/><G132/><T54/><D112/><U99/><E35/><V110/><F71/><W29/><G69/><T87/><D109/><U34/><E34/><V86/><F74/><W49/><REACH who="3" step="1"/><G17/><REACH who="3" ten="246,263,241,240" step="2"/><T93/><D129/><U26/><E68/><V53/><F122/><W98/><G98/><T115/><D115/><U103/><E128/><V3/><F110/><W40/><G40/><T70/><D70/><U89/><E103/><AGARI ba="0,1" hai="27,29,32,39,42,46,49,55,56,76,80,84,102,103" machi="103" ten="40,3900,0" yaku="1,1,52,1,53,0" doraHai="73" doraHaiUra="133" who="3" fromWho="1" sc="246,0,263,-39,241,0,240,49" /><INIT seed="3,1,0,3,2,50" ten="246,224,241,289" oya="3" hai0="35,38,97,130,128,20,59,116,81,10,15,89,69" hai1="84,110,3,71,2,102,5,25,4,28,36,65,29" hai2="12,134,106,43,124,63,49,94,87,93,6,122,32" hai3="120,62,1,80,132,37,107,75,74,88,98,135,83"/><W78/><G37/><T11/><D69/><U91/><E36/><V64/><F106/><W123/><G1/><T100/><D35/><U7/><E110/><V99/><F32/><W55/><G62/><T17/><D38/><U54/><E102/><V108/><F108/><W21/><G21/><T51/><D116/><U48/><E65/><V56/><F134/><N who="3" m="51243" /><G55/><N who="0" m="32255" /><D81/><U121/><E121/><N who="3" m="46666" /><G107/><T96/><D89/><U47/><E71/><V41/><F122/><W103/><G103/><T8/><D100/><U30/><REACH who="1" step="1"/><E25/><REACH who="1" ten="246,214,241,289" step="2"/><V18/><F64/><W73/><G78/><T112/><D112/><U127/><E127/><V133/><F124/><W33/><G33/><T115/><D115/><U113/><E113/><V109/><F133/><W53/><G53/><T79/><D130/><U82/><AGARI ba="1,1" hai="2,3,4,5,7,28,29,30,47,48,54,82,84,91" machi="82" ten="30,4000,0" yaku="1,1,0,1,52,1,53,0" doraHai="50" doraHaiUra="39" who="1" fromWho="1" sc="246,-11,214,53,241,-11,289,-21" /><INIT seed="4,0,0,1,3,17" ten="235,267,230,268" oya="0" hai0="118,54,4,135,11,106,76,126,120,65,27,95,46" hai1="112,131,122,108,73,130,62,69,88,70,113,124,127" hai2="34,35,134,42,99,1,40,92,119,72,107,98,60" hai3="28,8,24,81,97,13,29,82,15,43,39,30,110"/><T14/><D106/><U44/><E122/><V87/><F72/><W26/><G110/><T77/><D120/><U10/><E73/><V6/><F134/><W19/><G39/><T105/><D105/><U3/><E108/><V5/><F87/><W84/><G43/><T49/><D118/><U36/><E3/><V80/><F60/><W133/><G133/><T79/><D135/><U57/><E10/><V58/><F107/><W56/><G97/><T47/><D65/><N who="1" m="39119" /><E88/><V41/><F58/><W45/><G45/><T52/><D126/><N who="1" m="48171" /><E44/><V121/><F1/><W94/><G94/><T23/><D95/><U114/><E36/><V0/><F0/><W66/><G15/><T74/><D74/><U9/><E9/><V48/><F121/><W2/><G2/><T16/><D47/><U128/><AGARI ba="0,0" hai="69,70,112,113,114,128,130,131" m="48171,39119" machi="128" ten="50,12000,2" yaku="15,1,11,1,19,1,18,1,34,2" doraHai="17" who="1" fromWho="1" sc="235,-60,267,120,230,-30,268,-30" /><INIT seed="5,0,0,3,3,100" ten="175,387,200,238" oya="1" hai0="39,56,27,51,21,24,77,127,7,113,72,81,43" hai1="48,74,22,18,35,120,28,115,54,46,55,14,9" hai2="49,42,122,59,114,65,85,12,125,131,58,104,10" hai3="78,126,83,64,107,52,16,98,15,32,62,67,1"/><U71/><E120/><V5/><F122/><W112/><G1/><T36/><D127/><U60/><E74/><V106/><F125/><W93/><G126/><T31/><D113/><U26/><E115/><V111/><F114/><W105/><G32/><T79/><D7/><U4/><E71/><V53/><F111/><W6/><G6/><T61/><D79/><U41/><REACH who="1" step="1"/><E60/><REACH who="1" ten="175,377,200,238" step="2"/><V19/><F131/><W38/><G112/><T66/><D51/><U76/><E76/><V132/><F132/><W135/><G135/><T57/><D43/><U117/><E117/><V47/><F42/><W116/><G116/><T109/><D109/><U101/><E101/><V129/><F129/><W96/><G62/><T68/><D36/><U30/><E30/><V34/><F49/><W3/><G38/><T44/><D39/><U99/><E99/><V2/><F2/><AGARI ba="0,1" hai="2,4,9,14,18,22,26,28,35,41,46,48,54,55" machi="2" ten="30,11600,0" yaku="1,1,7,1,24,2,53,0" doraHai="100" doraHaiUra="124" who="1" fromWho="2" sc="175,0,377,126,200,-116,238,0" /><INIT seed="5,1,0,0,5,90" ten="175,503,84,238" oya="1" hai0="66,97,128,73,92,120,31,11,78,94,64,40,34" hai1="5,39,80,32,51,131,100,55,126,52,130,87,2" hai2="104,76,30,114,25,38,47,103,35,95,113,6,133" hai3="89,61,10,132,77,26,107,53,84,88,42,129,14"/><U56/><E39/><V99/><F133/><W75/><G132/><T68/><D120/><U116/><E116/><V44/><F76/><W13/><G129/><T41/><D128/><U54/><E32/><V24/><F24/><W27/><G107/><T110/><D97/><U72/><E72/><V28/><F28/><W83/><G42/><T12/><D110/><U16/><E126/><V0/><F38/><W7/><G13/><T91/><D91/><N who="3" m="34889" /><G75/><T117/><D117/><U119/><E119/><V74/><F74/><W105/><G105/><T102/><D102/><U63/><E100/><V118/><F118/><W9/><G9/><T85/><D73/><U111/><E111/><V37/><F37/><W112/><G112/><N who="2" m="43113" /><F104/><W19/><G7/><N who="0" m="3199" /><D34/><U59/><E55/><V106/><F106/><W127/><G127/><T122/><D31/><U96/><E96/><V3/><F6/><W79/><G79/><T46/><D68/><U82/><E5/><V69/><F69/><W21/><G21/><T81/><D122/><U4/><E131/><V58/><F58/><AGARI ba="1,0" hai="10,14,19,26,27,53,58,61,77,83,84" m="34889" machi="58" ten="30,2000,0" yaku="8,1,54,1" doraHai="90" who="3" fromWho="2" sc="175,0,503,0,84,-23,238,23" /><INIT seed="6,0,0,0,4,89" ten="175,503,61,261" oya="2" hai0="97,8,6,67,23,119,54,21,45,129,104,127,48" hai1="63,36,118,77,134,83,78,106,73,114,75,58,122" hai2="88,20,2,15,35,80,38,71,42,126,18,105,60" hai3="100,101,30,76,37,50,65,9,112,108,61,109,33"/><V24/><F126/><W96/><G37/><T110/><D127/><U10/><E118/><V99/><F2/><W49/><G76/><T12/><D119/><U57/><E106/><V0/><F0/><W125/><G125/><T59/><D110/><U93/><E36/><V92/><F105/><W19/><G101/><T52/><D129/><U55/><E114/><V87/><F38/><W7/><G19/><T25/><D67/><U130/><E130/><V81/><F42/><W74/><G74/><T72/><D72/><U5/><E134/><V51/><F51/><W111/><G112/><T39/><D39/><U47/><E122/><V91/><F71/><W66/><G30/><T13/><D13/><U120/><E120/><V113/><F113/><W82/><G82/><T128/><D128/><U131/><E47/><V133/><F133/><W31/><G66/><T17/><D104/><U69/><E69/><V4/><F60/><W102/><G49/><T121/><D121/><U107/><E107/><V135/><F135/><W85/><G50/><N who="0" m="31191" /><D97/><U115/><E115/><V11/><F35/><W46/><G61/><T117/><D117/><U116/><E116/><V22/><F20/><AGARI ba="0,0" hai="6,8,12,17,20,21,23,25,45,48,52" m="31191" machi="20" ten="30,2000,0" yaku="8,1,54,1" doraHai="89" who="0" fromWho="2" sc="175,20,503,0,61,-20,261,0" /><INIT seed="7,0,0,2,3,30" ten="195,503,41,261" oya="3" hai0="125,2,50,59,104,40,6,1,61,7,62,18,100" hai1="117,44,51,65,12,17,82,43,86,25,97,79,42" hai2="0,22,70,131,128,115,98,4,19,91,92,107,130" hai3="13,60,20,71,53,49,126,135,78,106,66,69,122"/><W93/><G106/><T27/><D125/><U35/><E117/><V76/><F70/><W112/><G78/><T121/><D121/><U41/><E65/><V11/><F115/><W68/><G122/><T81/><D81/><U34/><E97/><V75/><F107/><W95/><G112/><T56/><D104/><U54/><E25/><V5/><F5/><W55/><G13/><T129/><D27/><U127/><E127/><V120/><F120/><W16/><G126/><T10/><D18/><U114/><E114/><V94/><F76/><W31/><G31/><T39/><D39/><U116/><E116/><V33/><F94/><W24/><G135/><T63/><D100/><U46/><E46/><V15/><F75/><W67/><G55/><T132/><D132/><U113/><E113/><V58/><F58/><W9/><G9/><T72/><D72/><U96/><E96/><V109/><F109/><W101/><G101/><T36/><D36/><U26/><E26/><V14/><F0/><W57/><G68/><T45/><D129/><U119/><E119/><V103/><F103/><W110/><G110/><T77/><D77/><U83/><E83/><V28/><F28/><W85/><G85/><T29/><D29/><U8/><AGARI ba="0,0" hai="8,12,17,34,35,41,42,43,44,51,54,79,82,86" machi="8" ten="30,4000,0" yaku="0,1,52,2" doraHai="30" who="1" fromWho="1" sc="195,-10,503,40,41,-10,261,-20" owari="185,-21.0,543,64.0,31,-47.0,241,4.0" /></mjloggm>