<mjloggm ver="2.3"><GO type="169" lobby="0"/><UN n0="%70%65%6E%74%6F%6C%61" n1="%E5%A4%A9%E6%89%8D%E9%BA%BB%E5%B0%86%E6%9D%8F%E6%9D%8F" n2="%E7%89%8C%E6%B5%81%E7%8A%B6%E6%85%8B%E9%BA%BB%E9%9B%80" n3="%E3%82%B9%E3%82%AB%E3%83%BC%E3%83%AC%E3%83%83%E3%83%88" dan="17,16,16,16" rate="2212.41,2056.63,2073.31,2115.70" sx="M,F,M,M"/><TAIKYOKU oya="0"/><INIT seed="0,0,0,1,0,2" ten="250,250,250,250" oya="0" hai0="104,134,101,114,70,52,6,129,117,102,59,36,57" hai1="39,67,35,116,19,63,126,24,99,33,95,48,106" hai2="28,112,93,58,120,119,13,64,7,105,61,86,121" hai3="71,65,113,92,128,89,109,98,118,124,8,49,10"/><T76/><D114/><U94/><E116/><V81/><F105/><W66/><G118/><T82/><D117/><U91/><E39/><V135/><F135/><W100/><G113/><T54/><D70/><U25/><E126/><V40/><F112/><W29/><G124/><T11/><D36/><U31/><E48/><V27/><F40/><W16/><G109/><T44/><D134/><U17/><E95/><V34/><F93/><W18/><G128/><T20/><D20/><U51/><E51/><V50/><F50/><W53/><G29/><T73/><D44/><U132/><E132/><V88/><REACH who="2" step="1"/><F119/><REACH who="2" ten="250,250,240,250" step="2"/><W32/><G49/><T74/><D104/><U84/><E106/><V130/><F130/><W78/><G92/><T75/><D129/><U0/><E99/><V42/><F42/><W5/><G98/><T37/><D37/><U85/><E94/><V14/><F14/><W30/><G100/><T60/><D102/><U12/><E12/><V107/><F107/><W1/><G1/><T115/><D101/><U123/><E0/><V43/><F43/><W108/><G108/><T90/><D115/><U96/><E96/><V45/><F45/><W56/><G71/><T97/><D97/><U131/><E131/><V103/><F103/><W133/><G133/><T80/><D59/><U83/><E123/><V41/><F41/><W26/><G56/><T77/><D57/><N who="1" m="37359" /><E85/><V110/><F110/><W69/><G69/><T79/><D60/><U122/><E122/><V23/><F23/><W3/><G3/><N who="0" m="479" /><D82/><U127/><E127/><V15/><F15/><W125/><G125/><RYUUKYOKU ba="0,1" sc="250,10,250,10,240,10,250,-30" hai0="52,54,73,74,75,76,77,79,80,90" hai1="17,19,24,25,31,33,35,83,84,91" hai2="7,13,27,28,34,58,61,64,81,86,88,120,121" /><INIT seed="0,1,1,2,3,36" ten="260,260,250,220" oya="0" hai0="47,39,35,132,30,7,119,128,12,40,67,14,3" hai1="15,130,107,42,2,85,86,93,32,22,98,29,121" hai2="100,11,10,112,101,4,16,28,99,75,125,18,126" hai3="61,90,27,19,60,87,134,109,133,129,103,52,104"/><T80/><D119/><U115/><E121/><V46/><F75/><W0/><G0/><T21/><D67/><U73/><E73/><V50/><F28/><W70/><G109/><T117/><D117/><U78/><E107/><V1/><F101/><W55/><G129/><T6/><D128/><U135/><E2/><V84/><F84/><W62/><G70/><T45/><D45/><U54/><E32/><V92/><F112/><W64/><G64/><T68/><D68/><U56/><E135/><N who="3" m="51722" /><G103/><T41/><D132/><U77/><E42/><V102/><F102/><W37/><G37/><T49/><D40/><U94/><E115/><V48/><F48/><W116/><G104/><T17/><D39/><U106/><E106/><V97/><F97/><W57/><G57/><T127/><D3/><U111/><E111/><V43/><REACH who="2" step="1"/><F10/><REACH who="2" ten="260,260,240,220" step="2"/><W74/><G74/><T8/><D30/><U72/><E72/><V13/><F13/><W96/><G96/><T69/><D35/><U5/><E98/><V122/><F122/><W120/><G120/><T131/><D131/><U118/><E130/><V79/><F79/><W95/><G116/><T25/><D14/><U20/><E78/><V33/><F33/><W24/><G24/><T114/><D114/><U34/><E77/><V105/><F105/><W110/><G110/><T51/><D51/><N who="1" m="30815" /><E34/><V31/><F31/><W76/><G76/><T123/><D123/><U124/><E118/><V66/><F66/><W59/><G59/><T38/><D38/><U26/><E29/><V108/><F108/><W63/><N who="3" m="15360" /><DORA hai="53" /><W113/><G113/><RYUUKYOKU ba="1,2" sc="260,-15,260,-15,240,15,220,15" hai2="1,4,11,16,18,43,46,50,92,99,100,125,126" hai3="19,27,52,55,87,90,95" /><INIT seed="1,2,2,4,4,34" ten="245,245,255,235" oya="1" hai0="99,82,5,17,20,73,6,135,109,98,120,24,111" hai1="23,44,32,100,46,39,43,38,54,79,8,119,127" hai2="118,130,94,87,113,84,21,76,61,10,65,83,58" hai3="13,80,16,1,90,25,66,4,95,93,104,86,27"/><U57/><E119/><V29/><F130/><W123/><G123/><T28/><D120/><U81/><E32/><V36/><F36/><W96/><G104/><T3/><D135/><U49/><E127/><V35/><F35/><W74/><G74/><T14/><D82/><U108/><E108/><N who="0" m="41545" /><D73/><U37/><E100/><V101/><F113/><W15/><G66/><T78/><D78/><U64/><E23/><V124/><F124/><W70/><G70/><T110/><N who="0" m="41553" /><T92/><DORA hai="18" /><D99/><U91/><E91/><V30/><F118/><W121/><G121/><T117/><D117/><U62/><REACH who="1" step="1"/><E8/><REACH who="1" ten="245,235,255,235" step="2"/><V122/><F122/><W128/><G90/><N who="0" m="55575" /><D3/><U126/><E126/><V33/><F101/><W7/><G1/><T9/><AGARI ba="2,3" hai="5,6,9,14,17,20,24,28" m="55575,41553" machi="9" ten="40,2700,0" yaku="14,1,52,1" doraHai="34,18" who="0" fromWho="0" sc="245,63,235,-15,255,-9,235,-9" /><INIT seed="2,0,0,1,5,83" ten="308,220,246,226" oya="2" hai0="71,73,135,18,16,99,96,129,127,88,75,45,52" hai1="78,39,74,92,120,28,8,46,131,42,61,0,36" hai2="66,125,64,84,41,114,6,62,27,107,65,51,70" hai3="44,54,2,50,126,108,122,23,11,19,59,86,123"/><V100/><F114/><W105/><G108/><T130/><D71/><U76/><E131/><N who="0" m="50185" /><D135/><U77/><E120/><V17/><F125/><W89/><G105/><T90/><D127/><U24/><E28/><V113/><F113/><W26/><G126/><T56/><D45/><U79/><E24/><V101/><F6/><W34/><G34/><T30/><D30/><U32/><E32/><V128/><F128/><W109/><G109/><T132/><D132/><U121/><E92/><V31/><F17/><N who="0" m="6762" /><D99/><U119/><E121/><V53/><F41/><W43/><G2/><T67/><D67/><U115/><E115/><V20/><F107/><W13/><G26/><T47/><D47/><U48/><E119/><V97/><F97/><W29/><G29/><T134/><D134/><U3/><E3/><V85/><F70/><W106/><G106/><T60/><D96/><U80/><REACH who="1" step="1"/><E61/><REACH who="1" ten="308,210,246,226" step="2"/><V124/><F62/><W98/><G11/><T22/><D22/><U57/><E57/><N who="2" m="32959" /><F124/><W10/><G10/><T40/><D40/><U21/><E21/><V4/><F4/><AGARI ba="0,1" hai="0,4,8,36,39,42,46,48,74,76,77,78,79,80" machi="4" ten="40,1300,0" yaku="1,1,53,0" doraHai="83" doraHaiUra="63" who="1" fromWho="2" sc="308,0,210,23,246,-13,226,0" /><INIT seed="3,0,0,1,2,76" ten="308,233,233,226" oya="3" hai0="21,6,56,126,67,75,108,57,18,30,90,17,27" hai1="134,123,35,72,85,135,105,102,106,59,80,79,84" hai2="13,19,45,69,89,70,44,8,63,25,46,73,51" hai3="118,40,117,100,93,133,0,41,116,33,24,12,38"/><W109/><G0/><T74/><D108/><U22/><E35/><V94/><F73/><W92/><G109/><T95/><D126/><U114/><E22/><V49/><F25/><W121/><G121/><T20/><D6/><U2/><E59/><V55/><F63/><W5/><G133/><N who="1" m="50698" /><E2/><V119/><F119/><W77/><G77/><T43/><D43/><U9/><E9/><V16/><F19/><W64/><G64/><T112/><D112/><U81/><E114/><V124/><F124/><W97/><G38/><T32/><D32/><U122/><E72/><V125/><F125/><W130/><G130/><T91/><D30/><U88/><E102/><V31/><F31/><W82/><G93/><T65/><D95/><U113/><E113/><V7/><F7/><W60/><G60/><T28/><D28/><U14/><E14/><V101/><F101/><W15/><G33/><T103/><D103/><U23/><E23/><V83/><F83/><W1/><G24/><AGARI ba="0,0" hai="17,18,20,21,24,27,56,57,65,67,74,75,90,91" machi="24" ten="25,1600,0" yaku="22,2" doraHai="76" who="0" fromWho="3" sc="308,16,233,0,233,0,226,-16" /><INIT seed="4,0,0,2,3,24" ten="324,233,233,210" oya="0" hai0="37,87,124,94,33,53,7,120,25,3,46,61,35" hai1="134,40,56,113,17,43,8,131,98,59,88,71,9" hai2="32,10,4,47,114,103,105,125,112,129,31,66,20" hai3="14,106,111,36,28,30,65,6,0,5,58,104,62"/><T48/><D120/><U99/><E71/><V108/><F108/><W39/><G111/><T57/><D124/><U2/><E2/><V45/><F32/><W54/><G0/><T126/><D126/><U26/><E131/><V72/><F72/><W74/><G74/><T119/><D119/><U29/><E134/><V41/><F66/><W93/><G93/><T116/><D116/><U68/><E68/><V132/><F132/><W85/><G85/><T44/><D7/><U123/><E123/><V100/><F45/><W101/><G65/><T64/><D3/><U80/><E113/><N who="2" m="43627" /><F105/><W76/><G76/><T91/><D25/><U79/><E79/><V73/><F73/><W16/><G39/><T82/><D82/><U118/><E118/><V107/><F107/><W15/><G36/><T55/><D55/><U110/><E110/><V77/><F77/><W109/><G109/><T75/><D75/><U92/><E80/><V42/><F42/><W49/><G106/><T78/><D78/><U70/><E43/><V81/><F81/><W90/><G90/><T12/><REACH who="0" step="1"/><D12/><REACH who="0" ten="314,233,233,210" step="2"/><U38/><E40/><AGARI ba="0,1" hai="33,35,37,40,44,46,48,53,57,61,64,87,91,94" machi="40" ten="40,3900,0" yaku="1,1,2,1,53,0" doraHai="24" doraHaiUra="11" who="0" fromWho="1" sc="314,49,233,-39,233,0,210,0" /><INIT seed="4,1,0,1,1,102" ten="363,194,233,210" oya="0" hai0="85,18,67,94,135,15,0,23,44,19,3,105,133" hai1="127,117,58,134,52,122,104,123,72,108,86,12,71" hai2="99,61,115,17,88,82,51,27,38,66,11,35,83" hai3="79,132,124,73,90,30,78,14,69,114,57,101,84"/><T46/><D105/><U2/><RYUUKYOKU type="yao9" ba="1,0" sc="363,0,194,0,233,0,210,0" hai1="2,12,52,58,71,72,86,104,108,117,122,123,127,134" /><INIT seed="4,2,0,0,1,19" ten="363,194,233,210" oya="0" hai0="82,49,95,135,123,32,65,48,93,14,1,67,25" hai1="129,55,89,21,78,46,69,73,126,77,106,75,86" hai2="27,84,59,101,115,90,37,76,107,52,57,112,36" hai3="0,4,44,72,100,60,24,125,9,79,108,31,41"/><T83/><D1/><U127/><E69/><V43/><F76/><N who="1" m="29289" /><E46/><V62/><F43/><W128/><G108/><T64/><D123/><U38/><E55/><V47/><F47/><W94/><G128/><T116/><D116/><U42/><E42/><V58/><F101/><W12/><G125/><N who="1" m="47626" /><E38/><V29/><F107/><W88/><G100/><T68/><D68/><U120/><E21/><V26/><F26/><W51/><G60/><T17/><D135/><U2/><E2/><V117/><F117/><W124/><G124/><T63/><D63/><U81/><E120/><V5/><F5/><W102/><G102/><T99/><D25/><U53/><E53/><V121/><F121/><W30/><G0/><T11/><D32/><U97/><E129/><V118/><F118/><W20/><G79/><T134/><D134/><U74/><E97/><V87/><F37/><W40/><G72/><N who="1" m="18434" /><U35/><DORA hai="131" /><E35/><V34/><F36/><W16/><G40/><T119/><D119/><U54/><E54/><V7/><F7/><W18/><G4/><T85/><D49/><U104/><AGARI ba="2,0" hai="81,86,89,104,106" m="18434,47626,29289" machi="104" ten="50,6400,0" yaku="18,1,34,2" doraHai="19,131" who="1" fromWho="1" sc="363,-34,194,70,233,-18,210,-18" /><INIT seed="5,0,0,4,0,117" ten="329,264,215,192" oya="1" hai0="53,59,35,110,120,100,126,26,80,86,36,24,96" hai1="92,9,27,68,84,39,119,60,94,52,115,15,51" hai2="132,46,125,122,62,33,11,113,29,93,134,43,76" hai3="6,66,20,8,77,98,61,65,131,112,129,23,25"/><U88/><E119/><V2/><F125/><W63/><G77/><T79/><D110/><U3/><E39/><V32/><F76/><W40/><G40/><T87/><D36/><U85/><E3/><V102/><F62/><N who="3" m="23563" /><G98/><T4/><D4/><U124/><E124/><V21/><F113/><W1/><G112/><T95/><D35/><U34/><E115/><V121/><F21/><N who="3" m="8267" /><G25/><T103/><D126/><U105/><E105/><V13/><F2/><W30/><G30/><T111/><D111/><U50/><E34/><V81/><F81/><W83/><G83/><T54/><D96/><U16/><E27/><N who="2" m="18495" /><F93/><W12/><G1/><T19/><D95/><U45/><E51/><N who="2" m="27103" /><F102/><W101/><G101/><T5/><D80/><N who="1" m="49159" /><E85/><V48/><F48/><W42/><G42/><T116/><D79/><U127/><E127/><V107/><F107/><W123/><G123/><T99/><D120/><U75/><E75/><V37/><F37/><W67/><G8/><T44/><D99/><U49/><E49/><V71/><F33/><W108/><G108/><T64/><D116/><U114/><E114/><V38/><F38/><W55/><G55/><T17/><D44/><U58/><E68/><V133/><F71/><W118/><G118/><T10/><D10/><U78/><E78/><V41/><F41/><AGARI ba="0,0" hai="9,15,16,41,45,50,52,58,60,92,94" m="49159" machi="41" ten="30,11600,0" yaku="8,1,54,3" doraHai="117" who="1" fromWho="2" sc="329,0,264,116,215,-116,192,0" /><INIT seed="5,1,0,4,2,127" ten="329,380,99,192" oya="1" hai0="110,5,86,58,129,33,10,16,20,128,6,114,34" hai1="21,112,80,91,76,82,13,122,36,94,98,99,124" hai2="71,35,31,118,12,119,2,7,59,131,53,55,42" hai3="17,15,77,75,64,89,90,73,106,134,49,61,18"/><U51/><E36/><V83/><F71/><W108/><G108/><T25/><D110/><U103/><E122/><V132/><F132/><W113/><G106/><T19/><D58/><U92/><E112/><V3/><F42/><W56/><G113/><T22/><D86/><U41/><E124/><V84/><F12/><W37/><G37/><T66/><D66/><U117/><E117/><V32/><F59/><W4/><G134/><T63/><D63/><U70/><E70/><V68/><F68/><W38/><G38/><T102/><D102/><U60/><E60/><V65/><F84/><W57/><G75/><T96/><D96/><U123/><E76/><V43/><F31/><W69/><G69/><T48/><D48/><U74/><E123/><V23/><F23/><W62/><G49/><T78/><D78/><U125/><E74/><V72/><F7/><N who="0" m="2570" /><D10/><U54/><E41/><V116/><F116/><W88/><G77/><T39/><D39/><U111/><E125/><V30/><F43/><W126/><G73/><T0/><D0/><U95/><E95/><V45/><F72/><W101/><G101/><T120/><D120/><U46/><E111/><V24/><F83/><W8/><REACH who="3" step="1"/><G126/><REACH who="3" ten="329,380,99,182" step="2"/><T133/><D133/><U14/><E51/><V97/><F118/><W9/><G9/><T135/><D114/><U52/><E103/><V115/><F119/><W40/><G40/><T26/><D135/><U100/><E100/><V44/><F115/><W28/><G28/><T79/><D79/><U107/><E107/><V47/><F30/><W121/><G121/><T1/><D1/><RYUUKYOKU ba="1,1" sc="329,15,380,-15,99,-15,182,15" hai0="16,19,20,22,25,26,33,34,128,129" hai3="4,8,15,17,18,56,57,61,62,64,88,89,90" /><INIT seed="6,2,1,3,0,125" ten="344,365,84,197" oya="2" hai0="51,27,15,98,58,102,16,7,65,127,53,106,122" hai1="30,134,118,119,113,100,31,84,64,22,95,87,92" hai2="11,72,120,81,56,37,29,23,42,117,63,103,10" hai3="82,20,77,75,126,110,123,70,25,60,40,90,107"/><V24/><F117/><N who="1" m="44553" /><E64/><V12/><F120/><W14/><G123/><T38/><D127/><U26/><E22/><V116/><F116/><W17/><G110/><T48/><D38/><U91/><E26/><V35/><F103/><W105/><G126/><T99/><D65/><U39/><E30/><V44/><F72/><W49/><G70/><T108/><D108/><U18/><E18/><V78/><F81/><W128/><G60/><T13/><D27/><U85/><E31/><V83/><F83/><W5/><G90/><T111/><D111/><U57/><E57/><V47/><F78/><W43/><G43/><T9/><D99/><N who="1" m="59495" /><E39/><V121/><F121/><W4/><G4/><T93/><D122/><U0/><E0/><V71/><F71/><W89/><G89/><T6/><D106/><U33/><E33/><V86/><F86/><N who="1" m="33385" /><E113/><V61/><F44/><W132/><G105/><T104/><D104/><U73/><E134/><V36/><F36/><W112/><G132/><T62/><D6/><U19/><E19/><V135/><F135/><W59/><G107/><T68/><D68/><U45/><E45/><V101/><F101/><W66/><G112/><T69/><D69/><U67/><E67/><N who="2" m="39335" /><F63/><W97/><G59/><T109/><D109/><U28/><E28/><V74/><F74/><AGARI ba="2,1" hai="73,74,87,91,95" m="33385,59495,44553" machi="74" ten="30,2000,0" yaku="34,2" doraHai="125" who="1" fromWho="2" sc="344,0,365,36,84,-26,197,0" /><INIT seed="7,0,0,4,5,130" ten="344,401,58,197" oya="3" hai0="41,32,133,126,134,100,3,131,8,75,64,21,43" hai1="95,96,108,42,110,98,5,26,30,52,77,31,2" hai2="67,12,105,62,20,92,106,4,15,27,84,109,59" hai3="1,128,102,28,72,19,46,88,14,80,23,44,68"/><W65/><G1/><T90/><D32/><U57/><E77/><V51/><F109/><W66/><G128/><T116/><D131/><U94/><E42/><N who="0" m="15881" /><D75/><U107/><E107/><V48/><F106/><W58/><G68/><T71/><D116/><U76/><E76/><V123/><F105/><W132/><G132/><N who="0" m="50795" /><D100/><U29/><E110/><V9/><F123/><W16/><G102/><T117/><D117/><U61/><E108/><V53/><F12/><N who="3" m="9607" /><G28/><T86/><D21/><N who="1" m="15567" /><E5/><V118/><F118/><W78/><G78/><T17/><D126/><U10/><E10/><V82/><F92/><N who="1" m="35369" /><E2/><V122/><F122/><W50/><G72/><T125/><D125/><U115/><E115/><V135/><F135/><W39/><G39/><T18/><D64/><N who="3" m="24681" /><G58/><T127/><D71/><U45/><E45/><V38/><F38/><W97/><G50/><T79/><D79/><U74/><E74/><V119/><F119/><W111/><G111/><T56/><D56/><U25/><E25/><V33/><F33/><W11/><G97/><AGARI ba="0,0" hai="30,31,52,57,61,96,97,98" m="35369,15567" machi="97" ten="30,2000,0" yaku="8,1,54,1" doraHai="130" who="1" fromWho="3" sc="344,0,401,20,58,0,197,-20" owari="344,14.0,421,52.0,58,-44.0,177,-22.0" /></mjloggm>