<mjloggm ver="2.3"><GO type="169" lobby="0"/><UN n0="%78%78%62%6D%6D" n1="%E6%96%87%58" n2="%73%61%6B%69%2D%E6%9E%97" n3="%E3%81%A8%E3%82%8A%E3%81%82%E3%81%88%E3%81%9A%E3%83%93%E3%83%BC%E3%83%AB" dan="16,16,16,16" rate="2138.09,2111.02,2104.35,2117.46" sx="M,M,M,M"/><TAIKYOKU oya="0"/><INIT seed="0,0,0,1,0,56" ten="250,250,250,250" oya="0" hai0="116,50,94,60,9,89,86,117,90,11,54,120,35" hai1="19,53,6,113,62,72,79,34,69,73,74,109,82" hai2="3,27,135,75,57,102,121,12,66,87,130,65,17" hai3="59,93,58,64,30,13,103,51,114,132,25,68,83"/><T97/><D35/><U85/><E109/><V100/><F3/><W28/><G132/><T23/><D120/><U70/><E113/><V26/><F75/><W14/><G114/><T110/><D110/><U48/><E6/><V44/><F121/><W40/><G68/><T123/><D123/><U119/><E119/><V81/><F130/><W1/><G1/><T4/><D23/><U78/><E34/><V92/><F44/><W0/><G0/><T33/><D33/><U96/><E96/><N who="2" m="59399" /><F102/><W8/><G13/><T47/><D11/><U42/><E42/><V105/><F105/><W107/><G107/><T88/><D60/><U15/><E62/><N who="2" m="38095" /><F66/><W38/><G38/><T95/><REACH who="0" step="1"/><D90/><REACH who="0" ten="240,250,250,250" step="2"/><U41/><E70/><V18/><F135/><W22/><G8/><T49/><D49/><U127/><E69/><V129/><F129/><W124/><G51/><T37/><D37/><U71/><E71/><V131/><F131/><W118/><G22/><T61/><D61/><U122/><E122/><V112/><F112/><W46/><G118/><T77/><D77/><U115/><E78/><N who="2" m="46519" /><F17/><W5/><G30/><T133/><D133/><U106/><E115/><V63/><F63/><W24/><G28/><T125/><D125/><U52/><E127/><V101/><F101/><W43/><G103/><T36/><D36/><U31/><E31/><V134/><F134/><W67/><G124/><T32/><D32/><U39/><E39/><V98/><F98/><W29/><G29/><T16/><D16/><U128/><E128/><V10/><AGARI ba="0,1" hai="10,12,18,26,27" m="46519,38095,59399" machi="10" ten="30,2000,0" yaku="8,1,52,1" doraHai="56" who="2" fromWho="2" sc="240,-10,250,-5,250,30,250,-5" /><INIT seed="1,0,0,2,1,56" ten="230,245,280,245" oya="1" hai0="79,26,83,123,119,25,14,0,132,52,8,86,118" hai1="62,16,135,81,99,40,51,107,36,116,109,30,49" hai2="32,22,97,122,104,84,17,74,10,125,64,89,34" hai3="44,96,108,39,103,71,130,54,129,57,127,46,95"/><U70/><E116/><V58/><F74/><W63/><G108/><T19/><D132/><U31/><E135/><V82/><F122/><W3/><G127/><T20/><D123/><U94/><E107/><V101/><F125/><W92/><G3/><T117/><D0/><U110/><E81/><V4/><F4/><W126/><G126/><T78/><D78/><U42/><E36/><V66/><F10/><W33/><G33/><T43/><D43/><U69/><E99/><V87/><F84/><W120/><G120/><T114/><D114/><U73/><E16/><V121/><F66/><W68/><G95/><T21/><D21/><U15/><E15/><V50/><F121/><W59/><G39/><T80/><D80/><U93/><REACH who="1" step="1"/><E73/><REACH who="1" ten="230,235,280,245" step="2"/><V48/><F32/><W113/><G113/><T55/><REACH who="0" step="1"/><D26/><REACH who="0" ten="220,235,280,245" step="2"/><U67/><E67/><V85/><F34/><W41/><G130/><T38/><D38/><U9/><E9/><V115/><F115/><W133/><G129/><T13/><D13/><U131/><E131/><V18/><F22/><W111/><G133/><T23/><D23/><U112/><E112/><V7/><F82/><W75/><G75/><T76/><D76/><U5/><E5/><AGARI ba="0,2" hai="5,8,14,19,20,25,52,55,79,83,86,117,118,119" machi="5" ten="40,2600,0" yaku="1,1,54,1,53,0" doraHai="56" doraHaiUra="53" who="0" fromWho="1" sc="220,46,235,-26,280,0,245,0" /><INIT seed="2,0,0,0,0,84" ten="266,209,280,245" oya="2" hai0="107,120,10,60,27,105,71,122,135,113,9,5,37" hai1="55,47,6,3,23,59,91,53,102,98,83,13,96" hai2="61,101,128,125,111,82,63,93,70,1,73,103,18" hai3="114,126,79,26,130,43,7,119,48,36,41,35,38"/><V21/><F1/><W90/><G79/><T46/><D113/><U131/><E3/><V81/><F73/><W95/><G119/><T69/><D27/><U64/><E131/><V8/><F128/><W14/><G126/><T118/><D60/><N who="2" m="23114" /><F70/><W92/><G92/><T87/><D87/><N who="1" m="50687" /><E64/><V31/><F125/><W121/><G121/><T65/><D46/><U89/><E102/><N who="2" m="38923" /><F111/><W62/><G62/><T67/><D37/><U109/><E109/><V112/><F112/><W12/><G114/><T32/><D5/><U80/><E59/><V106/><F106/><W30/><G38/><T57/><D57/><U77/><E77/><V117/><F117/><W45/><G7/><T66/><D66/><U133/><E133/><V115/><F8/><W88/><G130/><T20/><D20/><U127/><E127/><V100/><F31/><W2/><G2/><T19/><D32/><U28/><E28/><V15/><F115/><W54/><G43/><T4/><D4/><U123/><E123/><V42/><F42/><W129/><G129/><T68/><D68/><U29/><E29/><V74/><F74/><W16/><G95/><T24/><D118/><U134/><E134/><V11/><F21/><W50/><G36/><T94/><D135/><U58/><E23/><V124/><F124/><W44/><G12/><T33/><D33/><U39/><E39/><V34/><F34/><W25/><G25/><T108/><D108/><U72/><E72/><V116/><F116/><W75/><G75/><T132/><D132/><U85/><E13/><V86/><N who="2" m="38931" /><V56/><DORA hai="97" /><F56/><RYUUKYOKU ba="0,0" sc="266,-15,209,-15,280,15,245,15" hai2="11,15,18,81,82,86,93" hai3="14,16,26,30,35,41,44,45,48,50,54,88,90" /><INIT seed="2,1,0,3,3,14" ten="251,194,295,260" oya="2" hai0="24,76,115,28,64,34,41,71,85,22,48,121,77" hai1="8,26,106,59,105,50,74,103,6,12,35,69,131" hai2="58,40,37,2,56,108,81,13,54,119,20,99,23" hai3="73,30,113,1,42,43,132,72,97,98,93,31,127"/><V135/><F119/><W18/><G132/><T47/><D121/><U19/><E69/><V87/><F2/><W129/><G127/><T89/><D115/><U38/><E38/><V53/><F135/><W65/><G129/><T91/><D91/><U107/><E74/><V95/><F37/><W0/><G93/><T84/><D84/><U92/><E131/><V120/><F40/><W117/><G65/><T100/><D100/><U52/><E92/><V123/><F13/><W70/><G70/><T46/><D34/><U4/><REACH who="1" step="1"/><E103/><REACH who="1" ten="251,184,295,260" step="2"/><N who="2" m="60927" /><F123/><W17/><REACH who="3" step="1"/><G113/><REACH who="3" ten="251,184,295,250" step="2"/><T104/><D71/><U67/><E67/><V90/><F120/><W10/><G10/><T11/><D64/><U125/><E125/><V80/><F81/><W124/><G124/><T114/><D114/><U29/><AGARI ba="1,2" hai="4,6,8,12,19,26,29,35,50,52,59,105,106,107" machi="29" ten="40,8000,1" yaku="1,1,0,1,52,1,54,1,53,0" doraHai="14" doraHaiUra="122" who="1" fromWho="1" sc="251,-21,184,103,295,-41,250,-21" /><INIT seed="3,0,0,0,0,98" ten="230,287,254,229" oya="3" hai0="95,108,55,70,104,29,81,102,123,51,68,38,42" hai1="17,76,25,90,109,27,16,48,93,131,120,129,111" hai2="99,59,82,65,43,37,45,89,57,117,50,124,5" hai3="54,67,100,135,116,14,92,78,7,94,72,101,40"/><W88/><G116/><T18/><D123/><U122/><E76/><V133/><F117/><W127/><G127/><T39/><D104/><U56/><E56/><V4/><F124/><W63/><G135/><T107/><D107/><U105/><E48/><V73/><F73/><W79/><G40/><T130/><D29/><U24/><E93/><N who="2" m="56751" /><F37/><W2/><G2/><T134/><D134/><U12/><E90/><V13/><F133/><W113/><G113/><T87/><D42/><U71/><E71/><V58/><F65/><W60/><G94/><T34/><D34/><U44/><E44/><V32/><F32/><W26/><G72/><T69/><D18/><N who="1" m="7275" /><E12/><V53/><F13/><W112/><G112/><T0/><D39/><U3/><E3/><V125/><F125/><W21/><G67/><T23/><D0/><U83/><E83/><V9/><F82/><W19/><G54/><T85/><D81/><U31/><E31/><V86/><F86/><N who="3" m="52247" /><G79/><T121/><D55/><U84/><E84/><V41/><F9/><N who="3" m="4415" /><G78/><T8/><D38/><U115/><E115/><V28/><F41/><W20/><G20/><T66/><D66/><U114/><E105/><V33/><F43/><W52/><G52/><T47/><D70/><U35/><E35/><V49/><F50/><W10/><G10/><T96/><D51/><U132/><E114/><V61/><F61/><AGARI ba="0,0" hai="19,21,26,60,61,63,100,101" m="4415,52247" machi="61" ten="30,11600,0" yaku="8,1,52,2,54,1" doraHai="98" who="3" fromWho="2" sc="230,0,287,0,254,-116,229,116" /><INIT seed="3,1,0,0,1,47" ten="230,287,138,345" oya="3" hai0="43,54,85,101,14,128,113,15,37,31,66,52,51" hai1="2,58,30,91,8,125,110,121,57,49,18,77,53" hai2="70,75,98,99,97,24,23,81,80,50,38,131,115" hai3="107,73,112,86,62,89,123,22,134,60,92,96,40"/><W103/><G123/><T83/><D128/><U13/><E110/><V1/><F70/><W28/><G134/><T126/><D126/><U79/><E2/><V61/><F38/><W21/><G112/><T108/><D108/><U65/><E125/><V90/><F115/><W29/><G73/><T27/><D66/><U63/><E121/><V94/><F1/><W93/><G107/><T87/><D101/><U48/><E30/><N who="3" m="11882" /><G40/><T124/><D124/><U104/><E104/><V9/><F61/><AGARI ba="1,0" hai="21,22,60,61,62,86,89,92,93,96,103" m="11882" machi="61" ten="30,1500,0" yaku="8,1" doraHai="47" who="3" fromWho="2" sc="230,0,287,0,138,-18,345,18" /><INIT seed="3,2,0,3,1,41" ten="230,287,120,363" oya="3" hai0="80,36,40,72,7,125,82,134,87,12,30,28,44" hai1="110,22,24,104,19,99,90,91,133,68,49,102,6" hai2="11,61,84,43,62,59,111,31,54,85,65,81,2" hai3="67,25,112,38,103,89,4,47,57,101,21,135,88"/><W73/><G73/><T86/><D125/><U32/><E110/><V96/><F111/><W118/><G118/><T8/><D134/><U29/><E133/><V48/><F84/><W66/><G112/><T127/><D72/><U117/><E117/><V34/><F96/><W23/><G4/><T5/><D5/><U95/><E6/><V77/><F43/><W132/><G57/><T107/><D107/><U121/><E121/><V26/><F11/><W119/><G119/><T3/><D3/><U56/><E68/><V116/><F116/><W124/><G38/><T83/><D127/><U114/><E114/><V79/><F62/><W105/><G25/><T69/><D69/><U16/><E32/><V130/><F130/><W14/><G14/><T60/><D60/><U97/><E91/><V106/><F106/><W39/><G39/><T92/><D92/><U120/><E120/><V126/><F126/><W75/><G75/><T123/><D123/><U58/><E58/><V1/><REACH who="2" step="1"/><F77/><REACH who="2" ten="230,287,110,363" step="2"/><W94/><G105/><T51/><D36/><U74/><E74/><V108/><F108/><W100/><G124/><T128/><D128/><U17/><E104/><V18/><F18/><W109/><G109/><T42/><D42/><U9/><E99/><V53/><F53/><W122/><G122/><T50/><D50/><U13/><E102/><V78/><F78/><W71/><G103/><T63/><D63/><U64/><E64/><V0/><F0/><W70/><G94/><T45/><D51/><U15/><E9/><V98/><F98/><W113/><G113/><T55/><D8/><RYUUKYOKU ba="2,1" sc="230,-30,287,10,110,10,363,10" hai1="13,15,16,17,19,22,24,29,49,56,90,95,97" hai2="1,2,26,31,34,48,54,59,61,65,79,81,85" hai3="21,23,47,66,67,70,71,88,89,100,101,132,135" /><INIT seed="3,3,1,5,2,60" ten="200,297,120,373" oya="3" hai0="126,123,25,129,85,88,13,122,46,80,20,67,29" hai1="78,114,90,48,81,125,55,107,12,91,6,134,73" hai2="47,121,11,63,44,127,66,92,33,131,16,86,135" hai3="68,52,10,22,74,3,39,83,21,19,64,70,54"/><W87/><G74/><T43/><D126/><U72/><E114/><V75/><F127/><W36/><G3/><T58/><D129/><U96/><E73/><V53/><F131/><W113/><G10/><T15/><D123/><U34/><E34/><V111/><F111/><W115/><G87/><T62/><REACH who="0" step="1"/><D122/><REACH who="0" ten="190,297,120,373" step="2"/><U119/><E125/><V65/><F121/><W101/><G113/><T120/><D120/><U51/><E119/><V26/><F135/><W93/><G115/><T7/><D7/><U109/><E134/><V0/><F0/><W18/><G83/><T124/><D124/><U57/><E109/><V97/><F75/><W5/><G5/><T77/><D77/><U104/><E6/><V56/><F86/><W108/><G108/><T117/><D117/><U32/><E72/><V95/><F33/><W105/><G93/><N who="2" m="35913" /><F97/><W99/><G99/><T24/><D24/><U84/><E32/><V132/><F132/><W100/><REACH who="3" step="1"/><G105/><REACH who="3" ten="190,297,120,363" step="2"/><T17/><D17/><U116/><E96/><V27/><F27/><W110/><G110/><T14/><D14/><U35/><E12/><N who="2" m="7199" /><F26/><W50/><G50/><AGARI ba="3,3" hai="13,15,20,25,29,43,46,50,58,62,67,80,85,88" machi="50" ten="30,12000,2" yaku="1,1,7,1,8,1,52,1,54,1,53,1" doraHai="60" doraHaiUra="42" who="0" fromWho="3" sc="190,159,297,0,120,0,363,-129" /><INIT seed="4,0,0,2,4,25" ten="349,297,120,234" oya="0" hai0="26,95,41,134,105,15,96,7,56,40,30,51,112" hai1="45,69,103,76,23,93,28,13,133,47,98,73,107" hai2="61,87,42,20,10,81,77,68,131,94,0,83,14" hai3="109,125,90,99,24,89,58,1,60,3,122,82,6"/><T43/><D105/><U65/><E133/><V32/><F32/><W46/><G109/><T104/><D104/><U132/><E132/><V50/><F131/><W38/><G125/><T85/><D112/><U2/><E2/><V27/><F0/><W19/><G122/><T67/><D85/><U92/><E69/><V75/><F68/><W39/><G1/><T78/><D78/><U88/><E65/><V71/><F94/><W59/><G59/><T126/><D126/><U22/><E22/><V111/><F71/><W64/><G46/><T128/><D128/><U110/><E110/><V70/><F70/><W57/><G57/><T29/><D26/><N who="1" m="16479" /><E13/><V31/><F61/><W54/><G64/><T129/><D129/><U113/><E93/><V37/><F37/><W114/><G114/><T123/><D123/><U135/><E135/><V18/><F111/><W34/><G99/><T80/><D80/><N who="1" m="45071" /><E113/><V21/><F75/><W117/><G117/><T115/><D115/><U74/><E74/><V118/><F81/><W8/><G19/><T127/><D127/><U16/><E16/><V102/><F20/><W17/><G17/><T12/><D134/><U4/><E4/><V63/><F63/><W84/><REACH who="3" step="1"/><G90/><REACH who="3" ten="349,297,120,224" step="2"/><N who="0" m="55415" /><D67/><U11/><E11/><V72/><F118/><W101/><G101/><T49/><D56/><U5/><E5/><V91/><F102/><W66/><G66/><T36/><D7/><U52/><E52/><V48/><F42/><W55/><G55/><T116/><D116/><U121/><E121/><V120/><F120/><W44/><G44/><N who="0" m="25759" /><D41/><U35/><E45/><RYUUKYOKU ba="0,1" sc="349,-15,297,-15,120,15,224,15" hai2="10,14,18,21,27,31,48,50,72,77,83,87,91" hai3="3,6,8,24,34,38,39,54,58,60,82,84,89" /><INIT seed="5,1,1,3,1,90" ten="334,282,135,239" oya="1" hai0="50,19,122,74,73,55,84,121,52,109,42,25,2" hai1="87,9,16,110,97,46,100,86,39,123,66,92,114" hai2="11,68,60,20,54,43,38,119,83,26,125,56,95" hai3="89,34,77,53,32,106,1,59,37,31,5,63,14"/><U27/><E123/><N who="0" m="47113" /><D2/><U64/><E114/><V30/><F119/><W58/><G1/><T10/><D109/><U88/><E110/><V7/><F125/><W94/><G106/><T44/><D84/><N who="1" m="32299" /><E39/><V108/><F83/><W127/><G127/><T72/><D10/><U98/><E46/><V69/><F108/><W3/><G3/><T48/><D48/><U24/><E24/><V96/><F43/><W126/><G37/><T107/><D107/><U49/><E49/><V116/><F38/><W91/><G77/><T15/><D15/><N who="1" m="7279" /><E27/><V41/><F41/><W80/><G34/><T134/><D134/><U40/><E40/><V71/><F116/><W113/><G32/><T105/><D105/><U129/><E129/><V47/><F47/><W130/><G113/><T132/><D132/><U117/><E117/><V8/><REACH who="2" step="1"/><F7/><REACH who="2" ten="334,282,125,239" step="2"/><W29/><G126/><T131/><D131/><U82/><E82/><V36/><F36/><W124/><G130/><T104/><D104/><U65/><E98/><V101/><AGARI ba="1,2" hai="8,11,20,26,30,54,56,60,68,69,71,95,96,101" machi="101" ten="30,7900,0" yaku="1,1,0,1,52,1,53,1" doraHai="90" doraHaiUra="93" who="2" fromWho="2" sc="334,-21,282,-40,125,102,239,-21" /><INIT seed="6,0,0,5,2,2" ten="313,242,227,218" oya="2" hai0="22,102,19,46,127,125,1,40,59,69,110,62,44" hai1="115,101,34,11,112,79,98,0,106,131,21,41,50" hai2="90,75,91,68,20,92,57,83,100,45,77,133,29" hai3="126,105,95,63,111,58,96,38,129,93,134,118,31"/><V26/><F68/><W86/><G111/><T72/><D72/><U7/><E34/><V55/><F133/><W15/><G118/><T104/><D69/><U30/><E131/><V65/><F45/><W74/><G74/><T108/><D1/><U82/><E41/><V64/><F100/><W43/><G105/><T71/><D102/><U28/><E50/><V6/><F6/><W61/><G129/><T12/><D104/><U130/><E130/><V67/><REACH who="2" step="1"/><F92/><REACH who="2" ten="313,242,217,218" step="2"/><W13/><G95/><T122/><D71/><U89/><E106/><V107/><F107/><W10/><G93/><T48/><D46/><U53/><E101/><V70/><F70/><W121/><G134/><T87/><D110/><U116/><E116/><V24/><F24/><W25/><G25/><T32/><D108/><U37/><E112/><V81/><F81/><W8/><G121/><T35/><D122/><U39/><E115/><V73/><F73/><W14/><G8/><T9/><D9/><U84/><E11/><V66/><N who="2" m="16384" /><DORA hai="51" /><V119/><F119/><W42/><G10/><T88/><D44/><U103/><E103/><V120/><F120/><W54/><G38/><T94/><D94/><N who="1" m="56655" /><E0/><V52/><F52/><W114/><G114/><T124/><D124/><U47/><E7/><V128/><F128/><W99/><G126/><T113/><D127/><U132/><E132/><V60/><AGARI ba="0,1" hai="20,26,29,55,57,60,75,77,83,90,91" m="16384" machi="60" ten="40,12000,1" yaku="1,1,0,1,52,1,53,1" doraHai="2,51" doraHaiUra="36,56" who="2" fromWho="2" sc="313,-40,242,-40,217,130,218,-40" /><INIT seed="6,1,0,3,1,7" ten="273,202,347,178" oya="2" hai0="15,70,31,41,50,29,130,5,2,83,53,64,65" hai1="58,44,96,135,63,40,97,27,72,104,6,69,134" hai2="112,81,120,46,19,98,74,95,80,115,85,38,129" hai3="24,60,77,55,71,105,117,11,121,92,123,91,45"/><V54/><F120/><W57/><G105/><T113/><D2/><U66/><E72/><V131/><F19/><W108/><G108/><T37/><D113/><N who="2" m="43594" /><F54/><W17/><G117/><T3/><D3/><U18/><E104/><V128/><F46/><W30/><G77/><T25/><D130/><U47/><E6/><V116/><F38/><W59/><G71/><T67/><D70/><U75/><E75/><V94/><F116/><W126/><G126/><T4/><D37/><U39/><E47/><V73/><F95/><W10/><G123/><T43/><D83/><N who="2" m="31818" /><F85/><W8/><G45/><N who="0" m="27855" /><D4/><U23/><E69/><V133/><F133/><AGARI ba="1,0" hai="18,23,27,39,40,44,58,63,66,96,97,133,134,135" machi="133" ten="40,1300,0" yaku="20,1" doraHai="7" who="1" fromWho="2" sc="273,0,202,16,347,-16,178,0" /><INIT seed="7,0,0,2,2,115" ten="273,218,331,178" oya="3" hai0="110,8,45,111,53,81,31,75,23,93,131,65,84" hai1="85,133,104,73,39,4,79,120,117,46,56,90,101" hai2="82,102,49,14,95,124,29,27,100,129,37,130,10" hai3="119,40,134,109,114,118,112,55,9,97,83,107,17"/><W19/><G40/><T11/><D131/><N who="2" m="50186" /><F37/><W127/><G109/><T89/><D65/><U67/><E4/><N who="2" m="3399" /><F124/><W113/><G127/><T62/><D110/><U96/><E56/><V77/><F49/><W0/><G134/><T57/><D111/><U48/><E67/><V70/><F95/><W21/><G83/><T16/><D31/><U22/><E22/><N who="2" m="15607" /><F70/><W26/><G55/><T43/><D75/><AGARI ba="0,0" hai="75,77,82,100,102" m="15607,3399,50186" machi="75" ten="30,1000,0" yaku="19,1" doraHai="115" who="2" fromWho="0" sc="273,-10,218,0,331,10,178,0" owari="263,6.0,218,-18.0,341,44.0,178,-32.0" /></mjloggm>