<mjloggm ver="2.3"><GO type="169" lobby="0"/><UN n0="%41%4F%54" n1="%E5%AE%8C%E5%85%A8%E5%AE%89%E7%89%8C" n2="%6B%6F%74%61%6B%6F%74%61" n3="%E3%81%8D%E3%82%83%E3%82%8A%E3%83%BC%38%33%38%33" dan="16,17,16,16" rate="2164.07,2153.37,2100.21,2102.59" sx="M,M,M,M"/><TAIKYOKU oya="0"/><INIT seed="0,0,0,3,1,31" ten="250,250,250,250" oya="0" hai0="13,39,123,49,115,107,22,11,51,36,50,58,24" hai1="96,135,32,26,48,124,118,53,70,33,91,79,66" hai2="128,131,69,121,112,126,93,85,106,27,67,42,133" hai3="45,117,95,76,82,1,29,59,75,2,19,43,125"/><T113/><D123/><U9/><E118/><V74/><F112/><W44/><G117/><T20/><D107/><U28/><E135/><V101/><F42/><W57/><G29/><T21/><D24/><U52/><E124/><V12/><F12/><W119/><G125/><T127/><D127/><U40/><E79/><V46/><F46/><W105/><G105/><T87/><D87/><U130/><E130/><V8/><F8/><W5/><G44/><T15/><D58/><U109/><E40/><V72/><F126/><W89/><G19/><T3/><D3/><U60/><E109/><V116/><F116/><W110/><G110/><T17/><REACH who="0" step="1"/><D13/><REACH who="0" ten="240,250,250,250" step="2"/><U14/><E26/><V55/><F85/><N who="3" m="52655" /><G1/><T102/><D102/><U134/><E14/><V100/><F101/><W78/><G57/><T23/><N who="0" m="5120" /><DORA hai="62" /><T63/><D63/><U92/><E60/><V90/><F100/><W41/><G59/><T18/><D18/><U97/><E28/><V73/><F106/><W71/><G2/><T16/><D16/><U38/><E9/><V10/><F10/><W68/><G45/><T103/><D103/><U56/><E56/><V94/><F72/><W80/><G119/><T81/><D81/><U111/><E111/><V34/><F73/><N who="3" m="43023" /><G71/><T104/><D104/><U108/><E70/><V30/><F69/><W35/><G68/><T84/><D84/><U77/><E108/><V86/><F74/><W0/><G0/><T47/><D47/><U132/><E132/><V6/><F133/><W65/><G41/><T37/><AGARI ba="0,1" hai="11,15,17,36,37,39,49,50,51,113,115" m="5120" machi="37" ten="50,12000,1" yaku="1,1,0,1,29,2,53,1" doraHai="31,62" doraHaiUra="99,7" who="0" fromWho="0" sc="240,130,250,-40,250,-40,250,-40" /><INIT seed="0,1,0,0,2,116" ten="370,210,210,210" oya="0" hai0="84,108,103,12,122,13,21,3,58,26,53,82,65" hai1="107,36,0,105,7,121,97,16,69,5,56,112,63" hai2="37,40,18,125,135,104,93,117,99,98,9,55,80" hai3="100,38,1,71,67,110,74,128,75,49,14,27,43"/><T79/><D3/><U45/><E69/><V24/><F125/><W64/><G14/><T90/><D108/><U22/><E121/><V62/><F135/><W96/><G49/><T102/><D122/><U19/><E112/><V20/><F104/><W47/><G64/><T54/><D65/><U120/><E120/><V126/><F126/><W42/><G42/><T109/><D109/><U89/><E19/><V119/><F80/><W30/><G128/><T94/><D13/><U10/><E7/><V91/><F99/><W111/><G1/><T129/><D54/><U28/><E28/><V33/><F33/><W73/><G67/><T11/><D129/><U2/><E0/><V70/><F9/><W123/><G71/><T23/><D23/><U44/><E36/><V130/><F70/><W127/><G127/><T29/><D53/><N who="1" m="34191" /><E107/><V31/><F31/><W39/><G39/><T88/><D58/><U51/><E51/><V17/><F17/><W50/><G50/><T118/><D118/><U131/><E105/><V83/><F83/><W133/><G123/><T114/><D114/><U34/><E34/><V106/><F106/><N who="3" m="63751" /><G133/><T25/><D25/><N who="1" m="14535" /><E131/><V134/><F134/><W59/><G59/><T124/><D124/><U92/><AGARI ba="1,0" hai="2,5,10,44,45,89,92,97" m="14535,34191" machi="92" ten="30,2000,0" yaku="25,1,54,1" doraHai="116" who="1" fromWho="1" sc="370,-11,210,23,210,-6,210,-6" /><INIT seed="1,0,0,4,3,62" ten="359,233,204,204" oya="1" hai0="52,56,127,58,23,129,107,65,94,92,79,16,81" hai1="76,135,63,41,49,105,69,102,108,14,11,20,71" hai2="36,10,116,87,66,28,13,30,101,119,133,111,54" hai3="130,128,25,60,67,7,1,33,38,77,34,109,57"/><U84/><E135/><V123/><F123/><W112/><G112/><T124/><D107/><U46/><E108/><V47/><F133/><W113/><G113/><T2/><D2/><U98/><E20/><V24/><F111/><W5/><G38/><T68/><D68/><U74/><E74/><V115/><F115/><W55/><G77/><T48/><D129/><N who="3" m="49769" /><G109/><T110/><D110/><U27/><E27/><V106/><F28/><N who="3" m="19599" /><G1/><T73/><D56/><U50/><E50/><V90/><F101/><W97/><G97/><T37/><D65/><U122/><E63/><V91/><F106/><W100/><G100/><T134/><D37/><U42/><E42/><V0/><F0/><W4/><G34/><T59/><D59/><U32/><E32/><V19/><F36/><W18/><G18/><T82/><D134/><U86/><E122/><V80/><F91/><W53/><AGARI ba="0,0" hai="4,5,7,53,55,57,60,67" m="19599,49769" machi="53" ten="40,2700,0" yaku="19,1,52,1" doraHai="62" who="3" fromWho="3" sc="359,-7,233,-13,204,-7,204,27" /><INIT seed="2,0,0,5,0,90" ten="352,220,197,231" oya="2" hai0="73,8,23,114,63,24,79,19,106,96,57,14,126" hai1="78,85,132,34,119,54,4,84,26,2,11,60,18" hai2="52,22,92,27,108,30,68,39,0,75,56,33,44" hai3="111,51,7,94,100,70,49,103,118,9,129,113,117"/><V91/><F75/><W105/><G105/><T135/><D114/><U43/><E119/><V66/><F0/><W61/><G70/><T38/><D38/><U133/><E43/><V123/><F123/><W116/><G61/><T5/><D126/><U72/><E72/><V41/><F108/><W127/><G127/><T45/><D135/><N who="1" m="51787" /><E78/><V29/><F68/><W86/><G111/><T125/><D125/><U124/><E124/><V107/><F107/><W35/><G35/><T31/><D73/><U134/><E134/><V71/><F71/><W21/><G100/><T10/><D79/><U65/><E54/><V67/><F30/><W46/><G49/><T25/><D45/><U40/><E40/><V28/><F28/><W37/><G37/><T110/><D110/><U55/><E55/><V47/><F47/><W131/><G103/><T17/><D106/><U81/><E81/><V80/><F80/><W42/><G113/><T77/><D77/><U109/><E109/><V32/><F32/><W89/><REACH who="3" step="1"/><G21/><REACH who="3" ten="352,220,197,221" step="2"/><T93/><D23/><N who="1" m="13687" /><E34/><V69/><F33/><W121/><G121/><T53/><D63/><U82/><E60/><V20/><F20/><W130/><G130/><T12/><D8/><U112/><E112/><V115/><F115/><W87/><G87/><T122/><D122/><U15/><E84/><V36/><F36/><W101/><G101/><T104/><D104/><U13/><E65/><V62/><F69/><W83/><G83/><T95/><D10/><U88/><AGARI ba="0,1" hai="2,4,11,13,15,82,85,88" m="13687,51787" machi="88" ten="30,2000,0" yaku="20,1,54,1" doraHai="90" who="1" fromWho="1" sc="352,-5,220,30,197,-10,221,-5" /><INIT seed="3,0,0,4,4,8" ten="347,250,187,216" oya="3" hai0="28,90,24,65,61,134,9,88,39,123,127,107,110" hai1="0,13,89,31,106,128,80,27,29,91,64,22,63" hai2="76,14,86,43,133,57,45,60,50,116,75,85,33" hai3="79,16,4,73,32,21,2,115,112,5,56,92,15"/><W121/><G121/><T78/><D123/><U55/><E128/><V20/><F116/><W95/><G32/><T18/><D39/><U126/><E126/><V130/><F130/><W68/><G68/><T6/><D107/><U62/><E0/><V67/><F33/><W47/><G73/><T25/><D127/><U119/><E106/><V30/><F133/><W71/><G71/><T35/><D78/><U84/><E119/><V131/><F131/><W69/><G69/><T87/><D110/><U12/><E64/><V104/><F104/><W44/><G79/><T83/><D134/><U74/><E74/><V7/><F30/><W109/><G56/><T49/><D49/><U36/><E36/><V94/><F94/><N who="3" m="35883" /><G2/><T37/><D37/><U26/><E89/><V114/><F114/><W118/><G118/><T53/><D90/><U129/><E129/><V98/><F98/><W125/><G125/><T1/><D53/><U111/><E111/><V81/><REACH who="2" step="1"/><F7/><REACH who="2" ten="347,250,177,216" step="2"/><N who="3" m="2635" /><G109/><T40/><D6/><U124/><E124/><V70/><F70/><W132/><G132/><T19/><D1/><U42/><E31/><V46/><F46/><N who="3" m="17451" /><G112/><T52/><D35/><U120/><E29/><V93/><F93/><W17/><G115/><T72/><D28/><U82/><E120/><V51/><F51/><W102/><G17/><AGARI ba="0,1" hai="14,17,20,43,45,50,57,60,67,75,76,81,85,86" machi="17" ten="40,5200,0" yaku="1,1,52,1,53,1" doraHai="8" doraHaiUra="58" who="2" fromWho="3" sc="347,0,250,0,177,62,216,-52" /><INIT seed="4,0,0,3,4,53" ten="347,250,239,164" oya="0" hai0="107,89,72,58,59,101,9,90,56,133,74,106,69" hai1="34,117,96,11,100,64,129,3,48,52,70,33,68" hai2="115,23,108,57,35,102,12,125,76,36,128,51,21" hai3="73,55,127,32,75,103,116,84,77,66,24,87,123"/><T110/><D69/><U94/><E117/><V61/><F108/><W86/><G116/><T85/><D110/><U18/><E129/><V134/><F36/><W25/><G32/><T46/><D101/><U42/><E42/><V63/><F35/><W122/><G77/><T135/><D46/><U19/><E68/><V37/><F37/><W41/><G41/><T0/><D9/><U13/><E3/><V98/><F115/><W27/><G103/><T29/><D29/><U20/><E64/><V80/><F125/><W99/><G99/><T95/><D89/><U113/><E70/><V60/><F134/><N who="0" m="51210" /><D0/><U111/><E113/><V22/><F51/><W4/><G4/><T92/><D95/><U10/><E10/><V119/><F119/><W105/><G105/><AGARI ba="0,0" hai="56,58,59,72,74,85,90,92,105,106,107" m="51210" machi="105" ten="40,12000,1" yaku="20,1,52,3" doraHai="53" who="0" fromWho="3" sc="347,120,250,0,239,0,164,-120" /><INIT seed="4,1,0,2,5,59" ten="467,250,239,44" oya="0" hai0="88,116,104,57,90,77,28,21,47,42,79,14,36" hai1="10,71,2,134,98,126,107,86,48,5,101,56,34" hai2="62,119,69,133,8,99,9,12,20,7,111,84,53" hai3="102,30,130,35,3,109,4,110,11,112,58,106,131"/><T66/><D104/><U61/><E126/><V44/><F111/><W121/><G102/><T18/><D116/><U32/><E134/><V45/><F133/><W122/><G106/><T82/><D28/><U17/><E71/><V50/><F119/><W103/><G103/><T105/><D105/><U114/><E114/><V52/><F69/><W26/><G58/><T108/><D108/><N who="3" m="41577" /><G112/><T13/><D13/><U91/><E17/><V22/><F99/><W97/><G97/><T60/><REACH who="0" step="1"/><D77/><REACH who="0" ten="457,250,239,44" step="2"/><U72/><E107/><V6/><F12/><W63/><G63/><T89/><D89/><U118/><E91/><V31/><F62/><W95/><G95/><T68/><D68/><U29/><E29/><V129/><F31/><W70/><G70/><T76/><D76/><U24/><E118/><V115/><F115/><W125/><G125/><T85/><AGARI ba="1,1" hai="14,18,21,36,42,47,57,60,66,79,82,85,88,90" machi="85" ten="20,12000,1" yaku="1,1,0,1,7,1,52,1,54,1,53,0" doraHai="59" doraHaiUra="117" who="0" fromWho="0" sc="457,133,250,-41,239,-41,44,-41" /><INIT seed="4,2,0,3,0,30" ten="590,209,198,3" oya="0" hai0="47,70,71,99,86,66,108,0,89,48,105,31,62" hai1="19,44,132,38,76,16,135,3,87,35,2,68,22" hai2="18,67,115,91,10,56,102,120,7,104,61,121,64" hai3="41,118,46,82,33,13,129,43,4,75,49,32,97"/><T110/><D0/><N who="1" m="43" /><E68/><V53/><F7/><W78/><G118/><T84/><D31/><U72/><E72/><V79/><F79/><W14/><G129/><T133/><D133/><N who="1" m="51275" /><E35/><V15/><F115/><W113/><G113/><T21/><D70/><U124/><E124/><V126/><F126/><W98/><G14/><T50/><D50/><U88/><E76/><V26/><F26/><W25/><G25/><T59/><D21/><U92/><E22/><V114/><F114/><W116/><G41/><AGARI ba="2,0" hai="16,19,38,41,44,87,88,92" m="51275,43" machi="41" ten="30,3900,0" yaku="20,1,54,2" doraHai="30" who="1" fromWho="3" sc="590,0,209,45,198,0,3,-45" owari="590,69.0,254,5.0,198,-20.0,-42,-54.0" /></mjloggm>