<mjloggm ver="2.3"><GO type="169" lobby="0"/><UN n0="%E7%8B%82%E3%81%A3%E3%81%9F%E9%B7%B9" n1="%E3%81%94%E3%82%8A%E3%81%94%E3%82%8A%E3%81%94%E3%82%8A%E3%82%89" n2="%E3%81%88%E3%82%89%E3%81%A6%E3%82%93" n3="%74%6E%66%73%68%32%30%34" dan="17,16,16,18" rate="2122.38,2078.03,2117.95,2234.58" sx="M,F,M,M"/><TAIKYOKU oya="0"/><INIT seed="0,0,0,4,1,93" ten="250,250,250,250" oya="0" hai0="10,115,53,24,96,36,71,126,70,3,124,68,135" hai1="57,44,69,22,77,35,67,66,129,33,120,90,123" hai2="12,50,18,13,65,52,2,55,16,100,102,30,61" hai3="116,17,121,104,88,48,74,95,38,101,29,62,34"/><T98/><D115/><U99/><E77/><V110/><F2/><W85/><G116/><T41/><D135/><U1/><E69/><V89/><F30/><W128/><G38/><T134/><D134/><U81/><E1/><V8/><F110/><W45/><G128/><T91/><D91/><U125/><E44/><V105/><F89/><W43/><G74/><T87/><D87/><U108/><E90/><V118/><F118/><W83/><G121/><T32/><D53/><U15/><E57/><N who="2" m="37039" /><F105/><W39/><G62/><T72/><D72/><U42/><E42/><V37/><F37/><W11/><G39/><T64/><D64/><U84/><E15/><V78/><F78/><W56/><G56/><T6/><D41/><U114/><E114/><V117/><F117/><W58/><G58/><T131/><D36/><U97/><E84/><V31/><F31/><W109/><G109/><T28/><REACH who="0" step="1"/><D131/><REACH who="0" ten="240,250,250,250" step="2"/><U40/><E40/><V111/><F111/><W82/><G82/><T21/><D21/><U63/><E22/><N who="2" m="11591" /><F55/><W27/><G83/><T26/><D26/><U59/><E81/><V9/><F9/><W94/><G11/><T133/><D133/><U92/><E108/><V75/><F75/><W86/><G85/><T73/><D73/><U122/><E129/><V107/><F107/><W130/><G130/><T49/><D49/><U79/><E122/><V106/><F106/><W19/><REACH who="3" step="1"/><G104/><REACH who="3" ten="240,250,250,240" step="2"/><T76/><D76/><U132/><E79/><V80/><F80/><W4/><G4/><T25/><D25/><U23/><E132/><V113/><F113/><W54/><G54/><RYUUKYOKU ba="0,2" sc="240,10,250,-30,250,10,240,10" hai0="3,6,10,24,28,32,68,70,71,96,98,124,126" hai2="8,13,16,50,52,100,102" hai3="17,19,27,29,34,43,45,48,86,88,94,95,101" /><INIT seed="0,1,2,4,4,101" ten="250,220,260,250" oya="0" hai0="134,15,45,82,100,53,24,43,105,99,1,81,91" hai1="4,117,69,89,2,118,63,121,88,83,59,29,40" hai2="135,50,36,123,57,3,34,12,37,66,39,77,129" hai3="68,55,131,126,21,127,42,58,35,73,132,52,90"/><T33/><D134/><U71/><E121/><V95/><F3/><W92/><G35/><T13/><D1/><U16/><E29/><V70/><F123/><W30/><G68/><T79/><D53/><U96/><E40/><V80/><F34/><W107/><G132/><T84/><D33/><U113/><E113/><V116/><F135/><W104/><G73/><T108/><D24/><U86/><E2/><V94/><F129/><W60/><G42/><T62/><D62/><U18/><E4/><V78/><F116/><W130/><G21/><T6/><D6/><U0/><E0/><V31/><F70/><W112/><G55/><T102/><D102/><U17/><E71/><V125/><F125/><N who="3" m="47627" /><G30/><T119/><D119/><U23/><E69/><V61/><F31/><W133/><G133/><T74/><REACH who="0" step="1"/><D108/><REACH who="0" ten="240,220,260,250" step="2"/><U124/><E118/><V115/><F61/><W47/><G112/><T46/><D46/><U51/><E117/><V64/><F115/><W122/><G47/><T20/><D20/><U75/><E124/><V97/><F64/><W41/><G41/><T54/><D54/><N who="1" m="32223" /><E63/><V19/><F66/><W44/><G44/><T114/><D114/><U67/><E67/><V120/><F120/><W10/><G10/><T9/><D9/><U98/><E23/><V25/><F25/><W48/><G60/><T14/><D14/><U76/><E75/><V93/><F12/><W11/><G11/><T5/><D5/><U65/><E65/><V111/><F111/><W38/><G122/><T32/><D32/><U8/><E8/><V28/><F57/><W56/><G56/><RYUUKYOKU ba="1,3" sc="240,15,220,15,260,-15,250,-15" hai0="13,15,43,45,74,79,81,82,84,91,99,100,105" hai1="16,17,18,76,83,86,88,89,96,98" /><INIT seed="0,2,3,0,5,105" ten="255,235,245,235" oya="0" hai0="35,55,79,31,122,127,58,13,88,66,121,7,76" hai1="87,103,86,59,97,0,114,128,115,67,90,38,14" hai2="98,3,23,19,37,42,27,100,15,96,129,73,45" hai3="64,53,39,61,6,56,92,106,135,65,48,123,101"/><T93/><D127/><U134/><E0/><V95/><F3/><W40/><G135/><T72/><D72/><U18/><E38/><V20/><F129/><W107/><G6/><T9/><D122/><U68/><E68/><V28/><REACH who="2" step="1"/><F96/><REACH who="2" ten="255,235,235,235" step="2"/><W44/><G123/><T47/><D121/><U54/><E128/><V131/><F131/><W133/><G133/><T25/><D66/><U120/><E67/><V69/><F69/><W4/><G65/><T91/><D47/><U89/><E134/><V50/><F50/><W82/><G39/><T116/><D116/><U62/><E120/><V113/><F113/><W32/><G48/><T24/><D24/><U10/><E114/><V108/><F108/><W74/><G44/><T29/><D25/><U110/><E115/><V12/><F12/><W126/><G64/><T109/><D109/><U124/><E110/><V11/><F11/><W85/><G61/><T80/><D13/><U111/><E111/><V99/><F99/><W49/><G49/><T17/><D9/><U43/><E124/><V132/><F132/><W8/><G8/><T21/><D35/><U60/><E43/><V57/><F57/><W2/><G32/><T81/><D58/><U22/><E10/><V112/><F112/><W52/><G40/><T41/><D41/><U77/><E59/><V16/><F16/><W125/><G56/><T36/><D17/><U30/><E18/><V119/><F119/><W83/><G2/><T63/><D36/><U51/><E97/><V46/><F46/><W70/><G125/><T117/><D117/><U102/><E51/><RYUUKYOKU ba="2,4" sc="255,-10,235,-10,235,30,235,-10" hai2="15,19,20,23,27,28,37,42,45,73,95,98,100" /><INIT seed="1,3,4,1,5,16" ten="245,225,265,225" oya="1" hai0="36,25,113,75,111,73,54,122,62,59,135,31,58" hai1="108,77,26,90,82,125,94,115,10,74,89,79,24" hai2="35,38,5,30,28,33,46,133,130,127,52,78,118" hai3="7,119,48,68,29,124,47,112,34,101,56,67,126"/><U22/><E115/><V121/><F118/><W104/><G112/><T63/><D113/><U14/><E125/><N who="3" m="48234" /><G119/><T20/><D36/><U91/><E108/><V100/><F121/><W70/><G7/><T128/><D111/><U66/><E66/><V61/><F127/><W71/><G34/><T2/><D2/><U57/><E79/><V87/><F100/><W107/><G29/><T117/><D117/><U72/><E72/><V64/><F5/><W84/><G84/><T83/><D135/><U3/><E3/><V9/><F133/><W0/><G0/><T1/><D1/><U93/><E57/><V109/><F109/><W86/><G86/><T42/><D42/><U69/><E26/><V41/><F130/><W105/><G56/><T98/><D128/><U49/><E49/><V45/><F9/><W60/><G101/><T129/><D129/><U76/><E77/><V13/><F33/><W27/><G27/><T132/><D132/><U134/><E69/><V85/><F35/><W23/><G23/><T88/><D122/><U51/><E51/><V120/><F120/><W8/><G8/><T99/><D75/><U15/><E134/><V12/><F45/><W19/><G19/><T43/><D73/><U17/><REACH who="1" step="1"/><E15/><REACH who="1" ten="245,215,265,225" step="2"/><V80/><F12/><W106/><N who="3" m="26624" /><DORA hai="21" /><W53/><AGARI ba="3,5" hai="47,48,53,60,67,68,70,71" m="26624,48234" machi="53" ten="60,4000,0" yaku="4,1,18,1" doraHai="16,21" who="3" fromWho="3" sc="245,-13,215,-23,265,-13,225,99" /><INIT seed="2,0,0,1,2,133" ten="232,192,252,324" oya="2" hai0="9,56,89,2,70,132,8,128,117,72,104,17,115" hai1="1,98,120,66,18,48,63,37,34,19,50,69,5" hai2="118,52,79,44,40,57,24,29,64,92,36,6,119" hai3="39,45,135,49,68,114,12,4,84,106,38,110,16"/><V121/><F121/><W59/><G135/><T15/><D70/><U124/><E120/><V113/><F113/><W51/><G68/><T116/><D104/><U87/><E37/><V7/><F64/><W99/><G114/><T10/><D72/><U11/><E34/><V46/><F79/><W27/><G4/><N who="0" m="1047" /><D89/><U81/><E98/><V126/><F126/><W0/><G0/><T43/><D56/><U80/><E80/><V3/><F46/><W55/><G84/><T14/><D43/><U101/><E101/><V83/><F83/><W28/><G110/><T108/><D115/><U21/><E124/><V112/><F92/><W131/><G131/><T30/><D30/><U31/><E31/><V130/><F130/><W103/><G51/><T76/><D76/><U111/><E111/><V62/><F112/><W67/><G67/><T26/><D128/><U91/><E18/><V105/><F105/><W42/><G45/><T32/><D108/><U25/><AGARI ba="0,0" hai="1,5,11,19,21,25,48,50,63,66,69,81,87,91" machi="25" ten="20,1500,0" yaku="0,1,7,1" doraHai="133" who="1" fromWho="1" sc="232,-4,192,15,252,-7,324,-4" /><INIT seed="3,0,0,5,4,117" ten="228,207,245,320" oya="3" hai0="94,5,84,125,126,73,96,27,133,17,78,0,28" hai1="60,90,119,76,129,123,23,131,103,47,26,1,62" hai2="15,101,58,82,24,111,66,69,46,18,44,51,37" hai3="57,127,12,50,72,81,21,65,80,63,59,99,120"/><W22/><G120/><T41/><D133/><U16/><E119/><V87/><F111/><W68/><G127/><N who="0" m="48651" /><D73/><U49/><E1/><V102/><F69/><W54/><G72/><T14/><D41/><U56/><E103/><V36/><F24/><W93/><G68/><T45/><D45/><N who="2" m="17514" /><F37/><W6/><G6/><T113/><D5/><U124/><E76/><N who="2" m="46535" /><F36/><W71/><G71/><T9/><D0/><U20/><E124/><V121/><F121/><W7/><G22/><N who="0" m="15479" /><D84/><U128/><E123/><V105/><F105/><W13/><G13/><T110/><D78/><U85/><E23/><N who="2" m="11743" /><F51/><W2/><G2/><T97/><D110/><U43/><E56/><V42/><F42/><W107/><G107/><T11/><D11/><U38/><E38/><V4/><F4/><W114/><G114/><T88/><D97/><U92/><AGARI ba="0,0" hai="16,20,26,43,47,49,60,62,85,90,92,128,129,131" machi="92" ten="30,4000,0" yaku="0,1,19,1,54,1" doraHai="117" who="1" fromWho="1" sc="228,-10,207,40,245,-10,320,-20" /><INIT seed="4,0,0,5,1,78" ten="218,247,235,300" oya="0" hai0="133,32,77,58,75,81,61,24,126,41,132,33,30" hai1="48,16,49,38,88,123,5,29,12,63,84,53,64" hai2="0,114,42,11,19,10,26,90,124,40,108,118,9" hai3="8,31,52,43,25,131,92,21,94,55,121,135,69"/><T72/><D126/><U60/><E123/><V115/><F108/><W37/><G121/><T98/><D41/><N who="2" m="15978" /><F124/><W71/><G131/><T67/><D75/><U95/><E38/><V79/><F79/><W3/><G135/><N who="0" m="51787" /><D98/><U100/><E29/><V99/><F118/><W2/><G71/><T107/><D107/><U36/><E36/><V129/><F129/><W20/><G69/><T113/><D113/><N who="2" m="43018" /><F26/><W130/><G130/><T34/><AGARI ba="0,0" hai="24,30,32,33,34,58,61,67,72,77,81" m="51787" machi="34" ten="30,3000,0" yaku="20,1,52,1" doraHai="78" who="0" fromWho="0" sc="218,30,247,-10,235,-10,300,-10" /><INIT seed="4,1,0,0,5,1" ten="248,237,225,290" oya="0" hai0="32,107,44,101,24,68,129,2,112,15,49,96,13" hai1="89,60,10,56,53,110,119,4,23,72,20,37,61" hai2="111,94,26,58,131,76,121,38,3,79,77,19,126" hai3="108,88,59,106,130,116,117,105,28,47,35,51,104"/><T84/><D129/><U39/><E119/><V122/><F111/><W85/><G108/><T86/><D112/><U43/><E72/><V82/><F3/><W113/><G113/><T21/><D2/><U74/><E110/><V22/><F131/><W67/><G130/><T114/><D68/><U34/><E34/><V50/><F38/><W100/><G100/><T95/><D114/><U8/><E74/><V30/><F126/><W40/><G28/><T31/><D32/><U133/><E133/><V5/><F82/><W115/><G35/><T52/><D107/><U7/><E89/><V69/><F69/><W73/><G73/><T70/><D70/><U45/><E39/><V25/><F94/><W14/><G14/><AGARI ba="1,0" hai="13,14,15,21,24,31,44,49,52,84,86,95,96,101" machi="14" ten="40,3900,0" yaku="8,1,54,1" doraHai="1" who="0" fromWho="3" sc="248,42,237,0,225,0,290,-42" /><INIT seed="4,2,0,5,5,61" ten="290,237,225,248" oya="0" hai0="73,115,36,24,48,81,54,98,90,94,68,15,0" hai1="97,87,46,99,55,22,60,11,3,44,89,38,96" hai2="32,120,62,102,105,5,26,118,53,43,69,132,19" hai3="25,12,63,13,27,123,134,128,37,6,135,117,10"/><T29/><D115/><U110/><E110/><V4/><F120/><W17/><G37/><T91/><D0/><U20/><E38/><V92/><F105/><W107/><G107/><T108/><D108/><U64/><E3/><V103/><F132/><N who="3" m="50731" /><G63/><T49/><D36/><U82/><E11/><V100/><F118/><W101/><G101/><T56/><D68/><U116/><E116/><V77/><F77/><W86/><G86/><T18/><D73/><U130/><E130/><V50/><F43/><W21/><G117/><T104/><D104/><U78/><E78/><V109/><F109/><W35/><G123/><T122/><D81/><U76/><E76/><V119/><F92/><W52/><G52/><T93/><D122/><U80/><E80/><V127/><F127/><W66/><G66/><T131/><D131/><U129/><E129/><V41/><F41/><W40/><G40/><T31/><D49/><U33/><E33/><V57/><F119/><W8/><G128/><T16/><D24/><N who="3" m="9289" /><G10/><T114/><D114/><U79/><E79/><V124/><F124/><W14/><G35/><T88/><D91/><U111/><E111/><V95/><F95/><W1/><AGARI ba="2,0" hai="1,6,8,12,13,14,17,21" m="9289,50731" machi="1" ten="30,4000,0" yaku="20,1,34,2" doraHai="61" who="3" fromWho="3" sc="290,-22,237,-12,225,-12,248,46" /><INIT seed="5,0,0,1,5,134" ten="268,225,213,294" oya="1" hai0="26,40,90,117,38,16,45,4,23,29,5,3,6" hai1="131,116,14,48,128,36,125,85,110,115,132,122,41" hai2="51,50,123,89,120,130,57,65,19,59,8,77,86" hai3="39,31,32,52,87,58,118,43,25,54,84,1,22"/><U72/><RYUUKYOKU type="yao9" ba="0,0" sc="268,0,225,0,213,0,294,0" hai1="14,36,41,48,72,85,110,115,116,122,125,128,131,132" /><INIT seed="5,1,0,0,2,44" ten="268,225,213,294" oya="1" hai0="125,22,123,25,110,68,61,122,77,131,87,6,92" hai1="23,20,3,48,13,49,99,12,14,47,101,75,102" hai2="121,67,81,43,79,37,134,10,100,129,127,85,98" hai3="70,74,29,26,52,114,0,130,116,80,51,28,115"/><U34/><E75/><V45/><F121/><N who="0" m="46090" /><D110/><U133/><E34/><V104/><F134/><W11/><G70/><T38/><D38/><U62/><E3/><V9/><F129/><W107/><G107/><T96/><D131/><U32/><E32/><V111/><F111/><W42/><G42/><T91/><D6/><U124/><E133/><V60/><REACH who="2" step="1"/><F127/><REACH who="2" ten="268,225,203,294" step="2"/><W8/><G130/><T117/><D125/><U1/><E124/><V118/><F118/><W113/><G116/><T7/><D117/><U55/><E1/><V57/><AGARI ba="1,1" hai="9,10,37,43,45,57,60,67,79,81,85,98,100,104" machi="57" ten="20,2700,0" yaku="1,1,0,1,7,1,53,0" doraHai="44" doraHaiUra="106" who="2" fromWho="2" sc="268,-8,225,-14,203,40,294,-8" /><INIT seed="6,0,0,2,1,62" ten="260,211,243,286" oya="2" hai0="80,20,77,127,103,73,11,38,98,35,9,56,21" hai1="120,122,30,58,121,61,76,128,124,2,18,36,37" hai2="116,135,6,8,63,79,15,133,68,1,71,55,96" hai3="4,7,28,16,82,87,84,48,0,49,32,106,54"/><V83/><F116/><W117/><G117/><T112/><D35/><U59/><E2/><V130/><F130/><W105/><G32/><T86/><D38/><U34/><E34/><V10/><F96/><W99/><G28/><T89/><D127/><U101/><E30/><V53/><F53/><W125/><G99/><T66/><D112/><U39/><E76/><V60/><F60/><W64/><G54/><T51/><D51/><U110/><E101/><V102/><F102/><W81/><G0/><T27/><D21/><U13/><E110/><V134/><F55/><W31/><G31/><T72/><D72/><U65/><E124/><V100/><F100/><W97/><G97/><T111/><D111/><U5/><E5/><N who="2" m="1071" /><F63/><W24/><G125/><T42/><D42/><U94/><E128/><V129/><F129/><W75/><G75/><AGARI ba="0,0" hai="6,10,15,68,71,75,79,83,133,134,135" m="1071" machi="75" ten="30,1500,0" yaku="20,1" doraHai="62" who="2" fromWho="3" sc="260,0,211,0,243,15,286,-15" /><INIT seed="6,1,0,1,4,87" ten="260,211,258,271" oya="2" hai0="93,74,4,107,32,27,125,9,129,82,11,14,26" hai1="34,3,71,79,46,21,54,80,116,112,8,24,115" hai2="113,41,109,48,61,64,90,85,55,62,131,121,86" hai3="36,2,51,63,128,100,133,95,91,119,56,31,10"/><V114/><F121/><W117/><G36/><T111/><D107/><U134/><E71/><V81/><F131/><W6/><G128/><T88/><D129/><U99/><E34/><V53/><F41/><W73/><G133/><T123/><D123/><U33/><E116/><V130/><F130/><W30/><G73/><T78/><D111/><U124/><E33/><V12/><F109/><W126/><G100/><T16/><D32/><U103/><E134/><V97/><F97/><W22/><G51/><T44/><D44/><U83/><E124/><V75/><F75/><W104/><G104/><T1/><D125/><U127/><E127/><V132/><F132/><W92/><G92/><T105/><D105/><U52/><E3/><V84/><F12/><W43/><G43/><T23/><D9/><U96/><E8/><V17/><F17/><W67/><G126/><T70/><D70/><U65/><E103/><V15/><F15/><W45/><G45/><T69/><D69/><U102/><E102/><V60/><F64/><W89/><G95/><T38/><D38/><U66/><E46/><N who="2" m="27799" /><F55/><W50/><G50/><T76/><D76/><U106/><E106/><V94/><F94/><W110/><G110/><T72/><D74/><U122/><E122/><V0/><F0/><W37/><G37/><T47/><D47/><U135/><E135/><V42/><F42/><W120/><G120/><T20/><D23/><U77/><REACH who="1" step="1"/><E21/><REACH who="1" ten="260,201,258,271" step="2"/><V5/><F5/><W118/><REACH who="3" step="1"/><G22/><REACH who="3" ten="260,201,258,261" step="2"/><T49/><REACH who="0" step="1"/><D49/><REACH who="0" ten="250,201,258,261" step="2"/><U28/><E28/><AGARI ba="1,3" hai="2,6,10,28,30,31,56,63,67,89,91,117,118,119" machi="28" ten="40,8000,1" yaku="1,1,2,1,52,2,53,0" doraHai="87" doraHaiUra="68" who="3" fromWho="1" sc="250,0,201,-83,258,0,261,113" /><INIT seed="7,0,0,5,1,96" ten="250,118,258,374" oya="3" hai0="135,89,49,5,94,92,8,9,46,101,58,40,20" hai1="127,105,31,86,29,51,124,68,12,123,4,84,52" hai2="16,24,45,42,56,50,53,99,76,106,27,82,1" hai3="44,132,120,57,74,83,30,66,121,36,108,128,100"/><W55/><G83/><T33/><D135/><U47/><E68/><V80/><F1/><W72/><G30/><T60/><D33/><U111/><E123/><V134/><F134/><W41/><G74/><T0/><D9/><U79/><E105/><V113/><F113/><W19/><G19/><T26/><D101/><U59/><E111/><V90/><F16/><W32/><G100/><T70/><D70/><U117/><E117/><V95/><F106/><W18/><G72/><T98/><D92/><U125/><E79/><V102/><F90/><W88/><G18/><T39/><D39/><U54/><E4/><V25/><REACH who="2" step="1"/><F76/><REACH who="2" ten="250,118,248,374" step="2"/><W112/><G88/><T114/><D114/><U122/><E122/><V48/><AGARI ba="0,1" hai="24,25,27,42,45,48,50,53,56,80,82,95,99,102" machi="48" ten="30,8000,1" yaku="1,1,2,1,0,1,8,1,52,1,53,0" doraHai="96" doraHaiUra="13" who="2" fromWho="2" sc="250,-20,118,-20,248,90,374,-40" owari="230,-17.0,98,-40.0,338,44.0,334,13.0" /></mjloggm>