<mjloggm ver="2.3"><GO type="169" lobby="0"/><UN n0="%73%61%6E%64%69%72%69%73" n1="%E6%98%8E%E6%97%A5%E3%81%AE%E3%82%86%E3%81%8F%E3%81%88" n2="%E3%81%8B%E3%81%8D%E3%83%95%E3%83%A9%E3%82%A4" n3="%4B%2D%4D%2D%42" dan="17,16,16,16" rate="2238.87,2150.27,2128.01,2087.69" sx="M,F,M,M"/><TAIKYOKU oya="0"/><INIT seed="0,0,0,5,0,64" ten="250,250,250,250" oya="0" hai0="125,30,27,133,28,107,1,93,74,92,130,104,127" hai1="99,73,66,51,76,98,103,135,59,80,62,126,77" hai2="11,121,108,47,53,41,123,69,10,115,94,0,4" hai3="36,9,87,129,42,134,5,71,25,7,117,44,19"/><T13/><D1/><U120/><E120/><V96/><F115/><W48/><G117/><T84/><D13/><U81/><E126/><N who="0" m="48137" /><D27/><U122/><E122/><V26/><F108/><W110/><G110/><T116/><D116/><U50/><E135/><V124/><F124/><W20/><G129/><T128/><D74/><U22/><E22/><V54/><F11/><W113/><G113/><T105/><D84/><U101/><E99/><V33/><F69/><W75/><G75/><T60/><D60/><U82/><E73/><V65/><F65/><W49/><G134/><T95/><D133/><U100/><REACH who="1" step="1"/><E98/><REACH who="1" ten="250,240,250,250" step="2"/><V86/><F96/><W6/><G87/><T38/><D38/><U46/><E46/><V70/><F47/><W2/><G2/><T118/><D118/><U85/><E85/><V68/><F86/><W32/><G32/><T12/><D12/><U97/><E97/><V21/><F123/><W119/><G119/><T89/><D89/><U8/><E8/><V43/><F10/><W57/><G9/><T106/><D106/><U83/><N who="1" m="20480" /><DORA hai="55" /><U114/><E114/><V56/><F121/><W72/><G72/><T67/><D67/><U23/><E23/><V17/><F21/><W34/><G34/><T15/><D15/><U31/><E31/><AGARI ba="0,1" hai="28,30,31,92,93,95,104,105,107,128,130" m="48137" machi="31" ten="40,7700,0" yaku="28,2,18,1" doraHai="64,55" who="0" fromWho="1" sc="250,87,240,-77,250,0,250,0" /><INIT seed="0,1,0,3,5,4" ten="337,163,250,250" oya="0" hai0="111,75,58,114,8,87,90,100,65,131,115,24,81" hai1="66,89,103,40,108,16,26,3,28,83,110,13,34" hai2="56,37,53,92,84,60,107,21,62,12,44,122,10" hai3="127,25,86,61,133,38,101,132,48,45,36,97,135"/><T98/><D131/><U18/><E40/><V129/><F107/><W88/><G127/><T79/><D24/><U118/><E66/><V64/><F129/><W27/><G61/><T82/><D65/><U39/><E39/><V1/><F122/><W85/><G85/><T59/><D59/><U19/><E103/><V93/><F1/><W70/><G70/><T113/><D58/><U94/><E83/><V109/><F109/><N who="1" m="42089" /><E3/><V80/><F21/><W43/><G27/><T74/><D111/><U71/><E71/><V20/><F20/><W63/><G63/><T68/><D68/><U95/><E118/><V49/><F37/><W7/><G25/><T91/><D8/><N who="1" m="6439" /><E95/><V124/><F124/><W120/><G120/><T32/><D32/><U106/><E106/><V116/><F62/><W51/><G38/><T41/><D41/><U33/><E33/><V72/><F72/><N who="0" m="27690" /><D82/><U31/><E31/><V55/><F64/><W17/><G36/><T14/><D14/><U6/><E6/><N who="2" m="3159" /><F116/><W69/><G7/><T9/><D9/><U123/><E123/><V78/><AGARI ba="1,0" hai="44,49,53,55,56,60,78,80,84,92,93" m="3159" machi="78" ten="30,2000,0" yaku="8,1,52,1" doraHai="4" who="2" fromWho="2" sc="337,-11,163,-6,250,23,250,-6" /><INIT seed="1,0,0,5,5,19" ten="326,157,273,244" oya="1" hai0="39,116,77,51,31,2,50,17,7,109,18,93,3" hai1="4,102,121,53,124,27,65,117,82,46,22,54,84" hai2="57,45,59,125,79,133,103,134,23,5,96,33,122" hai3="105,24,58,47,32,126,72,14,11,120,110,68,66"/><U36/><E117/><V75/><F122/><W99/><G120/><T70/><D39/><U131/><E121/><V67/><F33/><W94/><G110/><T113/><D70/><U16/><E131/><V101/><F125/><W98/><G126/><T34/><D77/><U80/><E124/><V81/><F5/><W43/><G72/><T41/><D41/><U8/><E65/><V0/><F0/><W111/><G111/><T30/><D93/><U108/><E108/><V123/><F123/><W1/><G1/><T83/><D83/><U95/><E36/><V104/><F101/><W128/><G68/><T29/><D109/><U56/><E46/><V135/><F67/><W71/><G71/><T112/><D31/><U6/><E54/><V106/><F106/><W78/><G105/><T62/><D62/><U92/><E82/><V85/><F75/><W12/><G78/><T52/><D7/><N who="1" m="2603" /><E8/><V76/><F76/><W38/><G11/><T21/><D34/><U37/><E37/><V9/><F9/><W64/><G64/><T87/><D52/><U15/><E15/><V73/><F73/><W44/><G12/><T114/><D114/><U61/><E102/><V100/><F100/><W35/><G14/><T55/><D55/><U13/><E13/><V118/><F118/><W129/><G129/><T132/><D116/><U69/><E69/><V60/><F45/><W90/><G128/><T63/><D2/><U49/><E49/><V42/><F42/><W97/><G47/><T130/><D3/><U26/><E26/><V20/><F60/><N who="3" m="38167" /><G24/><T115/><D115/><RYUUKYOKU ba="0,0" sc="326,-30,157,10,273,10,244,10" hai1="16,22,27,53,56,61,80,84,92,95" hai2="20,23,57,59,79,81,85,96,103,104,133,134,135" hai3="32,35,38,43,44,90,94,97,98,99" /><INIT seed="1,1,0,2,1,111" ten="296,167,283,254" oya="1" hai0="99,17,47,97,76,110,121,80,33,126,19,8,94" hai1="118,29,120,5,6,49,109,135,84,106,2,130,119" hai2="89,34,58,4,103,1,18,125,102,9,30,114,98" hai3="38,116,12,67,74,25,68,60,15,35,55,3,132"/><U92/><E106/><V90/><F125/><W61/><G3/><T83/><D33/><U123/><E49/><V127/><F127/><W20/><G35/><T57/><D126/><U69/><E69/><V56/><F30/><W64/><G38/><T63/><D110/><U40/><E40/><V22/><F34/><W27/><G74/><T129/><D129/><U79/><E109/><V51/><F114/><W0/><G0/><T115/><D115/><U39/><E39/><V82/><F82/><W88/><G132/><T71/><D71/><U122/><E130/><V131/><F131/><W107/><G107/><T86/><D121/><U45/><E135/><V23/><F23/><W41/><G41/><T65/><D47/><U117/><E45/><V104/><F102/><W72/><G72/><T44/><D44/><U32/><E2/><V133/><F133/><W37/><G37/><T73/><D8/><U43/><E43/><V105/><F105/><W54/><G20/><T53/><D65/><U62/><E62/><V100/><F100/><W7/><G68/><T78/><D99/><U77/><E29/><V13/><REACH who="2" step="1"/><F58/><REACH who="2" ten="296,167,273,254" step="2"/><W93/><G93/><T108/><D108/><U75/><E32/><V11/><F11/><W87/><G116/><T85/><D73/><U124/><E124/><V14/><F14/><W112/><G112/><T46/><D46/><U113/><E113/><V81/><F81/><W52/><G15/><T10/><D10/><U128/><E128/><V50/><F50/><W24/><G12/><T36/><D36/><U21/><E21/><V95/><F95/><RYUUKYOKU ba="1,1" sc="296,15,167,-15,273,15,254,-15" hai0="17,19,53,57,63,76,78,80,83,85,86,94,97" hai2="1,4,9,13,18,22,51,56,89,90,98,103,104" /><INIT seed="2,2,1,0,4,44" ten="311,152,288,239" oya="2" hai0="10,36,59,8,55,68,76,134,32,104,35,57,81" hai1="84,4,0,82,42,127,66,133,126,2,85,125,11" hai2="39,20,56,99,29,90,3,117,115,49,78,102,91" hai3="113,87,25,63,120,22,69,46,88,34,109,123,100"/><V128/><F117/><W16/><G109/><T92/><D104/><U129/><E129/><V70/><F3/><W118/><G118/><T135/><D68/><U52/><E133/><N who="0" m="50697" /><D36/><U73/><E42/><V77/><F70/><W112/><G100/><T40/><D40/><U83/><E66/><V6/><F39/><W41/><G34/><N who="0" m="12843" /><D92/><U96/><E96/><V24/><F6/><W75/><G75/><N who="0" m="43167" /><D59/><U9/><E73/><V132/><F132/><W17/><G69/><T62/><AGARI ba="2,1" hai="8,10,55,57,62" m="43167,12843,50697" machi="62" ten="30,1100,0" yaku="20,1" doraHai="44" who="0" fromWho="0" sc="311,27,152,-5,288,-7,239,-5" /><INIT seed="3,0,0,3,2,90" ten="338,147,281,234" oya="3" hai0="31,122,126,52,120,115,42,47,85,43,133,44,83" hai1="123,94,80,18,117,77,79,49,135,23,95,102,19" hai2="84,76,71,119,55,89,62,12,129,2,105,21,46" hai3="100,50,56,25,127,1,39,36,8,10,69,28,58"/><W131/><G69/><T45/><D133/><U98/><E123/><V29/><F2/><W35/><G127/><T111/><D126/><U27/><E117/><V86/><F105/><W125/><G125/><T114/><D31/><U60/><E135/><V40/><F119/><W61/><G131/><T81/><D111/><U75/><E79/><V110/><F110/><W130/><G130/><T132/><D132/><U17/><E60/><V97/><F97/><W6/><G10/><T34/><D34/><U87/><E75/><V106/><F106/><W32/><G32/><T26/><D26/><U15/><E49/><V63/><F55/><W38/><G100/><T30/><D30/><U4/><E4/><V108/><F71/><W74/><G74/><T13/><D13/><U20/><REACH who="1" step="1"/><E18/><REACH who="1" ten="338,137,281,234" step="2"/><V134/><F63/><W124/><G124/><T70/><D120/><U11/><E11/><V96/><F62/><W101/><G50/><T5/><D5/><U41/><E41/><V121/><F40/><W9/><G9/><T107/><D42/><U16/><E16/><V64/><F76/><W128/><G128/><T65/><D43/><U54/><E54/><V112/><F121/><W48/><G48/><T33/><D52/><U82/><E82/><V53/><F53/><N who="3" m="33935" /><G58/><T104/><D122/><U109/><E109/><V91/><F108/><W24/><G39/><T22/><D70/><U72/><E72/><V92/><F134/><W78/><G78/><T7/><D7/><U59/><E59/><V88/><F129/><W99/><G25/><T57/><D57/><U3/><E3/><RYUUKYOKU ba="0,1" sc="338,-15,137,15,281,-15,234,15" hai1="15,17,19,20,23,27,77,80,87,94,95,98,102" hai3="1,6,8,24,28,35,36,38,99,101" /><INIT seed="3,1,1,2,1,56" ten="323,152,266,249" oya="3" hai0="128,73,65,43,54,27,124,57,125,91,42,112,120" hai1="35,100,83,28,74,113,116,47,119,61,23,109,110" hai2="38,102,135,87,4,118,15,64,19,62,79,126,95" hai3="122,104,55,59,14,107,37,48,80,67,3,25,108"/><W18/><G122/><T66/><D73/><U53/><E35/><V17/><F38/><W41/><G3/><T22/><D120/><U78/><E100/><V49/><F126/><N who="0" m="48746" /><D128/><U21/><E113/><V105/><F135/><W40/><G25/><T2/><D2/><U123/><E123/><V88/><F105/><W98/><G108/><N who="1" m="41578" /><E47/><V20/><F118/><N who="1" m="45097" /><E28/><V115/><F115/><W13/><G13/><T121/><D112/><U16/><E16/><V97/><F79/><W82/><G104/><T11/><D11/><U26/><E26/><V86/><F49/><W29/><G29/><T32/><D32/><U131/><E131/><V96/><F4/><W6/><G6/><T9/><D9/><U75/><E75/><V89/><F102/><W5/><G5/><T8/><D8/><U114/><E114/><V77/><F77/><W63/><G107/><T76/><D91/><U127/><E127/><V44/><F44/><W46/><G40/><T94/><D43/><U81/><E81/><V130/><F130/><W70/><G98/><T31/><D42/><U71/><E53/><V36/><F36/><W101/><G101/><T84/><D121/><U92/><E92/><V60/><F64/><AGARI ba="1,1" hai="21,23,61,64,71,74,78,83" m="45097,41578" machi="64" ten="30,3900,0" yaku="14,1,12,1,52,1" doraHai="56" who="1" fromWho="2" sc="323,0,152,52,266,-42,249,0" /><INIT seed="4,0,0,5,4,81" ten="323,204,224,249" oya="0" hai0="70,47,128,123,53,64,15,112,34,65,106,115,102" hai1="58,20,36,104,30,85,18,44,116,51,87,9,125" hai2="54,26,80,130,14,93,75,2,13,25,126,59,71" hai3="113,108,110,105,131,16,27,133,24,49,6,101,79"/><T4/><D34/><U134/><E116/><V68/><F2/><W10/><G105/><T89/><D123/><U86/><E104/><V11/><F130/><W35/><G101/><T124/><D128/><U42/><E134/><V31/><F126/><W83/><G131/><T55/><D124/><U84/><E125/><V48/><F26/><W135/><G113/><T107/><D102/><U61/><E36/><V120/><F14/><N who="3" m="7255" /><G49/><T94/><D15/><U57/><E30/><V66/><F66/><W41/><G41/><T109/><D4/><U7/><N who="1" m="21504" /><DORA hai="97" /><U91/><E91/><V17/><F120/><W99/><G99/><T63/><D89/><U122/><E122/><V127/><F93/><W129/><G83/><T33/><D94/><U74/><E74/><V69/><F127/><W95/><G95/><T43/><D33/><U119/><E119/><V77/><F71/><W78/><G79/><T88/><D88/><U118/><E118/><V29/><F29/><W132/><G78/><T46/><D70/><U121/><E121/><V111/><F111/><W103/><G103/><T32/><D32/><AGARI ba="0,0" hai="11,13,17,25,31,32,48,54,59,68,69,75,77,80" machi="32" ten="30,1000,0" yaku="7,1" doraHai="81,97" who="2" fromWho="0" sc="323,-10,204,0,224,10,249,0" /><INIT seed="5,0,0,5,0,113" ten="313,204,234,249" oya="1" hai0="6,31,77,118,1,117,92,17,88,60,26,109,33" hai1="9,79,86,101,124,8,32,65,133,20,51,121,49" hai2="132,116,120,91,83,39,59,84,115,5,64,40,12" hai3="0,98,10,28,27,2,14,71,123,73,97,130,108"/><U105/><E32/><V23/><F120/><W62/><G108/><T103/><D109/><U75/><E121/><V81/><F115/><W53/><G73/><T110/><D110/><U112/><E112/><V30/><F132/><W48/><G130/><T3/><D103/><U125/><E75/><V87/><F116/><W16/><G123/><T55/><D77/><U54/><E133/><V119/><F119/><W42/><G2/><T99/><D1/><U106/><E65/><V122/><F122/><W41/><G0/><T24/><D6/><U78/><E20/><V111/><F40/><W44/><G42/><T34/><D3/><U35/><E35/><V90/><F39/><W96/><G71/><T4/><D4/><U37/><E37/><V61/><F111/><W69/><G69/><T21/><D33/><U63/><E63/><V131/><F131/><W82/><G82/><T50/><D60/><U68/><E68/><V129/><F129/><W67/><G41/><T15/><D26/><U72/><E72/><V66/><F66/><W13/><G13/><T38/><D38/><U100/><REACH who="1" step="1"/><E86/><REACH who="1" ten="313,194,234,249" step="2"/><V104/><F61/><W107/><G62/><T36/><D36/><U57/><E57/><AGARI ba="0,1" hai="15,17,21,24,31,34,50,55,57,88,92,99,117,118" machi="57" ten="30,7700,0" yaku="7,1,52,2,54,1" doraHai="113" who="0" fromWho="1" sc="313,87,194,-77,234,0,249,0" /><INIT seed="6,0,0,2,4,94" ten="400,117,234,249" oya="2" hai0="64,1,60,53,23,67,127,15,113,8,71,95,40" hai1="25,46,86,61,48,7,39,105,72,44,81,120,111" hai2="70,62,35,135,116,11,4,22,47,58,30,55,101" hai3="68,10,84,73,132,78,114,29,130,124,117,128,54"/><V42/><F116/><W16/><G68/><T41/><D113/><U129/><E111/><V98/><F135/><W32/><G73/><T115/><D115/><U27/><E72/><V59/><F22/><W0/><G32/><T88/><D127/><U34/><E129/><N who="3" m="49770" /><G29/><T75/><D75/><U133/><E133/><V90/><F90/><W85/><G0/><T89/><D67/><U82/><E120/><V109/><F109/><W18/><G117/><T99/><D1/><U77/><E105/><V125/><F125/><W6/><G114/><T57/><D23/><U112/><E112/><V119/><F119/><W100/><G54/><T24/><D24/><U66/><E7/><V49/><F59/><W50/><G50/><T20/><D20/><U28/><E39/><V33/><F30/><W43/><G43/><T104/><D104/><U52/><E25/><V13/><REACH who="2" step="1"/><F70/><REACH who="2" ten="400,117,224,249" step="2"/><W38/><G124/><T110/><D110/><U36/><E81/><V5/><F5/><W108/><G6/><T126/><D126/><U87/><E36/><V65/><F65/><W12/><G38/><T123/><D71/><U17/><E17/><V51/><F51/><W80/><G108/><T103/><D64/><U9/><E9/><V92/><AGARI ba="0,1" hai="4,11,13,33,35,42,47,49,55,58,62,92,98,101" machi="92" ten="20,7800,0" yaku="1,1,0,1,7,1,52,1,53,0" doraHai="94" doraHaiUra="21" who="2" fromWho="2" sc="400,-26,117,-26,224,88,249,-26" /><INIT seed="6,1,0,0,4,30" ten="374,91,312,223" oya="2" hai0="46,89,47,104,63,0,93,78,32,82,122,108,105" hai1="33,109,133,101,120,35,129,6,112,74,68,86,94" hai2="81,27,95,72,88,92,22,5,73,34,118,29,117" hai3="125,99,96,91,25,15,64,134,77,21,58,19,59"/><V113/><F113/><W75/><G125/><T52/><D108/><U128/><E109/><V126/><F126/><W111/><G134/><T23/><D122/><U67/><E74/><V14/><F95/><W121/><G121/><T84/><D0/><U131/><E120/><V123/><F123/><W87/><G75/><T43/><D32/><N who="1" m="12363" /><E112/><V110/><F110/><W53/><G77/><T62/><D105/><U18/><E133/><V116/><F81/><N who="3" m="49647" /><G25/><T66/><D104/><U42/><E42/><V31/><F31/><W55/><G64/><T41/><D23/><U12/><E6/><V85/><REACH who="2" step="1"/><F22/><REACH who="2" ten="374,91,302,223" step="2"/><W119/><G21/><T69/><D93/><U79/><E79/><V4/><F4/><W9/><G111/><T36/><D78/><U61/><E86/><V45/><F45/><W20/><G20/><T97/><D47/><U10/><E94/><V106/><F106/><W2/><G99/><T132/><D46/><U135/><E135/><V130/><F130/><W16/><G96/><T44/><D97/><U48/><E48/><V17/><F17/><W65/><G19/><T76/><D76/><U56/><E101/><V13/><F13/><W24/><G15/><T54/><D132/><U124/><E124/><V11/><AGARI ba="1,1" hai="5,11,14,27,29,34,72,73,85,88,92,116,117,118" machi="11" ten="40,12000,1" yaku="1,1,0,1,52,1,54,1,53,0" doraHai="30" doraHaiUra="102" who="2" fromWho="2" sc="374,-41,91,-41,302,133,223,-41" /><INIT seed="6,2,0,3,5,17" ten="333,50,435,182" oya="2" hai0="132,130,51,105,127,76,40,62,71,134,11,96,42" hai1="77,107,72,75,93,0,21,47,101,78,45,38,36" hai2="118,33,9,109,103,80,106,120,20,129,114,30,3" hai3="104,119,81,56,73,12,29,54,69,35,131,89,98"/><V85/><F109/><W39/><G69/><T123/><D76/><U55/><E107/><V99/><F118/><W48/><G39/><T110/><D105/><U57/><E0/><V61/><F120/><W100/><G131/><T26/><D96/><U84/><E101/><V24/><F114/><W44/><G119/><T4/><D26/><U66/><E66/><V46/><F129/><W111/><G111/><T79/><D79/><U128/><E128/><V86/><F86/><W115/><G115/><T59/><D130/><U19/><E93/><V122/><F122/><W135/><G135/><N who="0" m="51755" /><D123/><U53/><E19/><V83/><F83/><W52/><G12/><T82/><D82/><U74/><E84/><V28/><F3/><W16/><G16/><T113/><D113/><U43/><E57/><V70/><F9/><W90/><G29/><T13/><D110/><U2/><E2/><V97/><F99/><W95/><G35/><T87/><D87/><U32/><E74/><V88/><F46/><W58/><G44/><T124/><D71/><U31/><E31/><V67/><F30/><W108/><G108/><T5/><D5/><U92/><E92/><V14/><F14/><W102/><G104/><T125/><D51/><U34/><REACH who="1" step="1"/><E43/><REACH who="1" ten="333,40,435,182" step="2"/><V41/><REACH who="2" step="1"/><F41/><REACH who="2" ten="333,40,425,182" step="2"/><W1/><G1/><T7/><D7/><U64/><E64/><AGARI ba="2,2" hai="4,11,13,40,42,59,62,64,124,125,127" m="51755" machi="64" ten="40,2600,0" yaku="18,1,20,1" doraHai="17" who="0" fromWho="1" sc="333,52,40,-32,425,0,182,0" /><INIT seed="7,0,0,0,0,58" ten="385,8,425,182" oya="3" hai0="44,5,68,90,76,31,106,0,73,67,27,85,122" hai1="16,72,13,29,52,125,80,59,19,63,95,105,121" hai2="131,49,65,117,78,130,11,110,33,34,20,37,17" hai3="48,46,4,47,93,132,42,123,103,115,118,91,1"/><W94/><G118/><T111/><D111/><U70/><E121/><V69/><F37/><W30/><G123/><T22/><D122/><U62/><E105/><V77/><F117/><W28/><G115/><T100/><D0/><U6/><E125/><V74/><F110/><W15/><G1/><T32/><D5/><U99/><E29/><V54/><F74/><W41/><G132/><T108/><D108/><U87/><E72/><V97/><F11/><W84/><G4/><T57/><D44/><U83/><E70/><V56/><F97/><W36/><G15/><T71/><D32/><N who="2" m="12394" /><F69/><W101/><G36/><T116/><D116/><U26/><E26/><N who="2" m="14607" /><F65/><W120/><G120/><T96/><D57/><U135/><E135/><V88/><F88/><W66/><G66/><T14/><D14/><U75/><E75/><V61/><F49/><W24/><G24/><T43/><D43/><U10/><E83/><V112/><F112/><W82/><G82/><T127/><D127/><U8/><E8/><V102/><F102/><W2/><G2/><T92/><REACH who="0" step="1"/><D67/><REACH who="0" ten="375,8,425,182" step="2"/><U133/><E133/><V98/><F131/><W55/><G55/><T40/><D40/><U126/><E126/><V128/><F130/><W129/><G129/><T53/><D53/><U18/><E63/><V45/><F54/><W60/><G60/><T104/><D104/><U114/><E114/><V35/><F61/><W38/><G101/><T3/><D3/><U9/><E9/><V79/><F128/><W89/><G103/><T107/><D107/><U113/><E113/><V51/><F56/><W7/><G41/><RYUUKYOKU ba="0,1" sc="375,30,8,-10,425,-10,182,-10" hai0="22,27,31,68,71,73,76,85,90,92,96,100,106" owari="405,21.0,-2,-50.0,425,52.0,172,-23.0" /></mjloggm>