<mjloggm ver="2.3"><GO type="169" lobby="0"/><UN n0="%E3%81%A8%E3%82%8A%E3%81%82%E3%81%88%E3%81%9A%E3%83%93%E3%83%BC%E3%83%AB" n1="%6F%74%74%79%6F" n2="%E6%B2%B3%E7%AB%A5%E3%81%AE%E3%83%AF%E3%82%AB%E3%83%9E%E3%83%84" n3="%E9%89%84%E7%A8%9A%E9%AD%9A%E3%82%AB%E3%83%A2%E9%A4%8A%E5%88%86" dan="16,16,18,17" rate="2116.44,2095.29,2225.77,2126.81" sx="M,M,M,F"/><TAIKYOKU oya="0"/><INIT seed="0,0,0,4,2,51" ten="250,250,250,250" oya="0" hai0="117,67,28,52,47,5,18,115,73,3,104,58,2" hai1="6,36,98,95,45,24,125,1,85,38,53,130,127" hai2="123,56,70,132,39,66,101,90,121,93,114,21,59" hai3="84,55,63,0,27,49,91,13,46,4,124,82,69"/><T26/><D117/><U42/><E36/><V16/><F114/><W110/><G110/><T87/><D73/><U76/><E1/><V35/><F35/><W97/><G124/><N who="1" m="47690" /><E6/><V135/><F39/><W128/><G128/><T11/><D115/><U129/><E24/><V133/><F101/><W48/><G0/><T33/><D104/><U96/><E53/><V32/><F32/><W25/><G97/><T118/><D118/><U112/><E112/><V22/><F70/><W10/><REACH who="3" step="1"/><G49/><REACH who="3" ten="250,250,250,240" step="2"/><T72/><D2/><U43/><E43/><V9/><F133/><W65/><AGARI ba="0,1" hai="4,10,13,25,27,46,48,55,63,65,69,82,84,91" machi="65" ten="30,8000,1" yaku="1,1,2,1,0,1,52,1,53,1" doraHai="51" doraHaiUra="80" who="3" fromWho="3" sc="250,-40,250,-20,250,-20,240,90" /><INIT seed="1,0,0,0,0,69" ten="210,230,230,330" oya="1" hai0="52,24,78,16,110,94,93,79,42,128,28,40,101" hai1="135,61,1,88,87,58,77,113,41,126,84,68,103" hai2="10,18,21,62,60,104,98,50,32,57,99,97,129" hai3="109,5,102,14,26,134,106,89,121,20,74,47,131"/><U124/><E113/><V66/><F32/><W108/><G121/><T8/><D110/><U53/><E1/><V43/><F129/><W17/><G74/><T46/><D128/><U2/><E2/><V114/><F114/><W55/><G131/><T76/><D101/><U39/><E135/><V22/><F104/><W73/><G73/><T132/><D132/><U125/><E68/><V36/><F36/><W65/><G134/><T54/><D40/><U67/><E103/><V64/><F43/><W56/><G65/><T31/><D31/><U95/><E67/><V6/><F50/><W44/><G89/><T72/><D72/><U117/><E117/><V119/><F18/><W35/><G5/><T120/><D120/><U70/><E70/><V48/><F48/><W118/><G118/><T90/><D94/><U38/><E41/><V83/><F83/><AGARI ba="0,0" hai="38,39,53,58,61,77,83,84,87,88,95,124,125,126" machi="83" ten="40,12000,1" yaku="18,1,52,2,54,1" doraHai="69" who="1" fromWho="2" sc="210,0,230,120,230,-120,330,0" /><INIT seed="1,1,0,0,2,29" ten="210,350,110,330" oya="1" hai0="4,59,17,119,11,5,74,105,43,87,110,92,37" hai1="116,65,91,12,38,16,27,76,46,114,69,51,82" hai2="90,47,48,135,52,18,123,96,83,21,8,81,20" hai3="115,129,49,62,45,58,63,118,32,117,75,72,71"/><U132/><E114/><V103/><F135/><W14/><G115/><T6/><D105/><U36/><E132/><V40/><F123/><W93/><G129/><T104/><D104/><U126/><E126/><V31/><F8/><W2/><G2/><T44/><D74/><U61/><E91/><V131/><F131/><W10/><G93/><T94/><D119/><N who="3" m="45577" /><G71/><T102/><D110/><U122/><E27/><V133/><F133/><W55/><G32/><T60/><D102/><U101/><E101/><V73/><F73/><N who="3" m="28235" /><G58/><T70/><D70/><U78/><E122/><V106/><F90/><W124/><G124/><T33/><D33/><U112/><E112/><V0/><F0/><W89/><G89/><T98/><D87/><U113/><E113/><V1/><F1/><W120/><G120/><T39/><D39/><U35/><E35/><V26/><REACH who="2" step="1"/><F40/><REACH who="2" ten="210,350,100,330" step="2"/><W130/><G130/><T24/><D11/><U111/><E116/><V121/><F121/><W53/><G53/><T50/><D37/><U79/><E38/><V97/><F97/><W56/><G45/><T95/><D98/><U13/><E36/><V42/><F42/><W100/><G100/><T57/><D60/><U127/><E127/><V64/><F64/><W15/><G10/><T128/><D128/><U9/><E46/><V134/><F134/><W23/><G63/><T109/><D109/><U54/><E111/><V84/><F84/><W99/><G99/><T125/><D125/><U68/><E61/><V41/><F41/><W108/><G62/><T88/><D88/><U67/><E9/><V34/><F34/><RYUUKYOKU ba="1,1" sc="210,15,350,-15,100,15,330,-15" hai0="4,5,6,17,24,43,44,50,57,59,92,94,95" hai2="18,20,21,26,31,47,48,52,81,83,96,103,106" /><INIT seed="2,2,1,1,2,79" ten="225,335,115,315" oya="2" hai0="60,61,90,87,16,1,31,116,113,9,112,36,91" hai1="15,81,66,126,8,54,101,104,107,13,24,97,103" hai2="85,63,99,33,108,72,56,120,37,71,25,111,27" hai3="75,3,69,125,23,117,86,105,42,35,114,19,30"/><V70/><F72/><W82/><G42/><T93/><D116/><U55/><E126/><V59/><F120/><W18/><G69/><N who="2" m="26121" /><F37/><W100/><G75/><T68/><D36/><U29/><E66/><V50/><F33/><W77/><G3/><T32/><D61/><U6/><E15/><V130/><F99/><W38/><G38/><T80/><D31/><U109/><E109/><N who="2" m="42059" /><F130/><W123/><G123/><T89/><D32/><U121/><E121/><V57/><F63/><W102/><G35/><T4/><D91/><U58/><E101/><V52/><F85/><W2/><G86/><T134/><D60/><U110/><E97/><V62/><F57/><W43/><G102/><T106/><D68/><U20/><E58/><V44/><F56/><W0/><G100/><T95/><D106/><U132/><E103/><V98/><F98/><W94/><G105/><T73/><D73/><U83/><E110/><V119/><F119/><W88/><G117/><T14/><D95/><U34/><E34/><V64/><AGARI ba="2,1" hai="25,27,44,50,52,59,62,64" m="42059,26121" machi="64" ten="30,6000,0" yaku="14,1,10,1,54,1" doraHai="79" who="2" fromWho="2" sc="225,-22,335,-22,115,76,315,-22" /><INIT seed="2,3,0,0,1,90" ten="203,313,191,293" oya="2" hai0="9,111,133,98,127,125,10,77,39,89,74,135,124" hai1="18,62,96,128,100,94,63,109,13,2,83,117,103" hai2="37,60,107,80,76,57,66,114,119,93,108,22,132" hai3="82,23,115,69,110,55,123,78,7,53,42,85,8"/><V121/><F114/><W105/><G123/><T75/><D39/><U131/><E117/><V64/><F119/><W95/><G105/><T134/><D111/><U28/><E2/><V87/><F121/><W32/><G32/><T68/><D68/><U88/><E109/><V1/><F108/><W3/><G110/><T19/><D19/><U129/><E28/><V113/><F113/><W116/><G116/><T112/><D112/><U27/><E27/><V118/><F118/><W73/><G115/><T11/><D77/><U6/><E6/><V48/><F37/><W102/><G69/><T51/><D51/><U81/><E81/><V61/><F107/><W44/><G23/><T49/><D49/><U70/><E83/><V40/><F1/><W43/><G43/><T16/><D16/><U120/><E120/><V12/><F132/><W34/><G34/><T79/><D79/><U4/><E4/><V0/><F0/><W36/><G85/><T30/><D30/><U59/><E70/><V50/><F40/><W58/><G58/><T21/><D21/><N who="1" m="11471" /><E62/><V47/><F12/><W33/><G33/><T104/><D89/><U46/><E46/><V24/><F47/><W122/><REACH who="3" step="1"/><G122/><REACH who="3" ten="203,313,191,283" step="2"/><T106/><D106/><U130/><N who="1" m="32768" /><DORA hai="45" /><U41/><E41/><V52/><F22/><W101/><G101/><AGARI ba="3,1" hai="9,10,11,74,75,98,101,104,124,125,127,133,134,135" machi="101" ten="60,8000,1" yaku="29,2,18,1,20,1" doraHai="90,45" who="0" fromWho="3" sc="203,99,313,0,191,0,283,-89" /><INIT seed="3,0,0,2,2,20" ten="302,313,191,194" oya="3" hai0="81,28,69,33,90,112,100,32,56,91,108,123,66" hai1="113,52,25,135,72,62,54,116,102,115,37,27,87" hai2="45,124,34,24,39,98,70,85,43,59,129,12,71" hai3="13,4,130,125,53,114,117,51,107,5,17,15,118"/><W8/><G107/><T96/><D108/><U83/><E72/><V121/><F129/><W99/><G114/><T105/><D123/><U0/><E0/><V122/><F85/><W95/><G125/><T128/><D128/><U111/><E37/><V110/><F12/><W89/><G130/><T42/><D56/><U68/><E102/><V101/><F59/><W131/><G131/><T94/><D81/><U47/><E47/><V133/><F110/><W67/><G67/><T14/><D42/><U65/><E111/><V29/><F133/><W86/><G99/><T23/><D112/><U61/><E135/><V134/><F124/><W73/><G73/><T93/><D91/><U21/><E21/><V26/><F26/><W22/><REACH who="3" step="1"/><G5/><REACH who="3" ten="302,313,191,184" step="2"/><T19/><D105/><U63/><E65/><V31/><F134/><W41/><G41/><T46/><D66/><U76/><E68/><N who="2" m="26155" /><F31/><W82/><G82/><T64/><D64/><U11/><E113/><V74/><F74/><W3/><G3/><T48/><D69/><U88/><E115/><V126/><F126/><W50/><G50/><T109/><D109/><U132/><E132/><V30/><F29/><W18/><G18/><T40/><D28/><U6/><E62/><V127/><F127/><W38/><G38/><T75/><D75/><U106/><E61/><V16/><F16/><W9/><G9/><T2/><D2/><U77/><E63/><V120/><F98/><AGARI ba="0,1" hai="14,19,23,32,33,40,46,48,90,93,94,96,98,100" machi="98" ten="30,1000,0" yaku="7,1" doraHai="20" who="0" fromWho="2" sc="302,20,313,0,191,-10,184,0" /><INIT seed="4,0,0,0,4,117" ten="322,313,181,184" oya="0" hai0="42,12,27,13,129,1,110,56,67,46,48,81,76" hai1="30,55,124,84,98,66,65,128,20,71,51,54,88" hai2="99,114,45,52,25,37,126,31,132,21,6,24,2" hai3="59,64,57,97,72,36,101,68,100,75,108,79,115"/><T15/><D1/><U23/><E124/><V90/><F126/><W104/><G108/><T11/><D129/><U47/><E128/><V3/><F114/><W10/><G115/><T80/><D110/><U44/><E71/><V39/><F132/><W43/><G101/><T116/><D116/><U133/><E133/><V91/><F6/><W17/><G68/><T119/><D119/><U16/><E98/><V73/><F73/><W33/><G33/><T14/><D27/><N who="1" m="16767" /><E47/><V120/><F99/><W94/><G104/><T35/><D35/><U112/><E54/><V4/><F4/><W41/><G75/><T123/><D123/><U121/><E121/><V89/><F120/><W38/><G38/><T63/><REACH who="0" step="1"/><D76/><REACH who="0" ten="312,313,181,184" step="2"/><U8/><E112/><V122/><F122/><W83/><G79/><T82/><D82/><N who="1" m="49175" /><E8/><V107/><F2/><W5/><G10/><T93/><D93/><U61/><E61/><V9/><F3/><W125/><G94/><T135/><D135/><U102/><E102/><V111/><F111/><W29/><G100/><T19/><AGARI ba="0,1" hai="11,12,13,14,15,19,42,46,48,56,63,67,80,81" machi="19" ten="30,6000,0" yaku="1,1,0,1,8,1,53,0" doraHai="117" doraHaiUra="22" who="0" fromWho="0" sc="312,70,313,-20,181,-20,184,-20" /><INIT seed="4,1,0,4,0,114" ten="382,293,161,164" oya="0" hai0="115,87,17,80,96,130,110,1,41,84,4,22,0" hai1="29,56,34,132,31,101,6,77,28,7,61,2,102" hai2="50,62,116,8,99,90,55,123,65,39,52,131,49" hai3="79,95,127,112,12,67,129,21,133,66,58,121,126"/><T71/><D115/><U107/><E34/><V98/><F123/><W76/><G112/><T68/><D130/><U47/><E77/><V97/><F39/><W92/><G129/><T25/><D110/><U73/><E73/><V23/><F131/><W124/><G133/><T57/><D41/><U42/><E132/><V82/><F8/><W18/><G121/><T51/><D0/><U117/><E107/><V33/><F33/><W134/><G134/><T19/><D87/><U45/><E2/><V60/><F23/><W9/><G9/><T48/><D96/><U59/><E42/><V40/><F40/><W32/><G32/><T54/><D51/><N who="2" m="19466" /><F116/><W27/><G12/><T37/><D37/><U44/><E117/><V72/><F72/><W35/><G35/><T14/><D4/><N who="1" m="1579" /><E61/><N who="2" m="23659" /><F65/><N who="3" m="24587" /><G58/><AGARI ba="1,0" hai="28,29,31,44,45,47,56,58,59,101,102" m="1579" machi="58" ten="40,5200,0" yaku="28,2,8,1" doraHai="114" who="1" fromWho="3" sc="382,0,293,55,161,0,164,-55" /><INIT seed="5,0,0,1,1,125" ten="382,348,161,109" oya="1" hai0="129,31,108,84,71,124,75,6,19,104,18,120,134" hai1="44,24,72,37,39,33,79,48,111,0,60,5,54" hai2="80,131,128,85,59,34,46,23,42,50,86,25,76" hai3="51,114,67,132,27,68,58,77,7,97,119,99,43"/><U62/><E111/><V12/><F34/><W65/><G114/><T1/><RYUUKYOKU type="yao9" ba="0,0" sc="382,0,348,0,161,0,109,0" hai0="1,6,18,19,31,71,75,84,104,108,120,124,129,134" /><INIT seed="5,1,0,2,3,32" ten="382,348,161,109" oya="1" hai0="36,113,19,114,71,115,58,46,14,118,44,134,104" hai1="93,45,68,80,59,125,103,3,29,91,101,124,33" hai2="15,90,26,122,39,84,41,106,18,96,92,74,9" hai3="110,6,56,54,102,78,128,75,25,94,99,112,55"/><U16/><E68/><V98/><F122/><W95/><G112/><T81/><D104/><U117/><E117/><V37/><F74/><W121/><G121/><T77/><D118/><U57/><E45/><V135/><F135/><W20/><G128/><T27/><D134/><U86/><E3/><V28/><F41/><W87/><G110/><T70/><D27/><U13/><E29/><V131/><F131/><W52/><G75/><N who="0" m="43199" /><D58/><N who="1" m="22027" /><E33/><V97/><REACH who="2" step="1"/><F106/><REACH who="2" ten="382,348,151,109" step="2"/><W111/><G111/><T105/><D105/><U89/><E124/><V24/><F24/><W4/><G56/><T79/><D70/><U65/><E125/><V42/><F42/><W100/><G100/><T17/><D71/><U132/><E65/><V31/><F31/><N who="3" m="17831" /><G95/><T0/><D115/><U35/><E132/><V88/><F88/><W64/><G64/><T48/><D114/><U69/><E91/><V49/><F49/><W1/><G1/><T8/><D48/><U107/><E89/><V50/><F50/><W130/><G130/><T30/><D113/><U61/><E93/><V60/><F60/><W116/><G116/><T120/><D120/><U51/><E61/><V76/><F76/><W67/><G67/><T108/><D79/><U47/><E51/><V34/><AGARI ba="1,1" hai="9,15,18,26,28,34,37,39,84,90,92,96,97,98" machi="34" ten="30,2000,0" yaku="1,1,0,1,53,0" doraHai="32" doraHaiUra="38" who="2" fromWho="2" sc="382,-6,348,-11,151,33,109,-6" /><INIT seed="6,0,0,4,2,85" ten="376,337,184,103" oya="2" hai0="62,127,99,75,6,132,37,106,117,81,89,72,41" hai1="116,82,109,64,53,22,79,83,100,51,67,124,18" hai2="56,21,26,91,38,110,84,80,1,49,11,88,17" hai3="52,115,44,30,33,105,77,45,48,107,58,47,68"/><V10/><F38/><W7/><G68/><T97/><D6/><U122/><E109/><V74/><F110/><W128/><G128/><T61/><D41/><U25/><E116/><V31/><F74/><W121/><G121/><T133/><D37/><U126/><E122/><V102/><F102/><W135/><G135/><N who="0" m="51787" /><D127/><U59/><E100/><V93/><F1/><W28/><G115/><T54/><D54/><U4/><E4/><V15/><F56/><W98/><G77/><T111/><D111/><U73/><REACH who="1" step="1"/><E82/><REACH who="1" ten="376,327,184,103" step="2"/><V20/><REACH who="2" step="1"/><F49/><REACH who="2" ten="376,327,174,103" step="2"/><W94/><G48/><T70/><D117/><U66/><AGARI ba="0,2" hai="18,22,25,51,53,59,64,66,67,73,79,83,124,126" machi="66" ten="30,12000,2" yaku="1,1,2,1,0,1,53,3" doraHai="85" doraHaiUra="60" who="1" fromWho="1" sc="376,-30,327,140,174,-60,103,-30" /><INIT seed="7,0,0,2,4,105" ten="346,467,114,73" oya="3" hai0="93,17,72,117,22,24,43,41,31,97,64,49,89" hai1="116,129,108,57,35,16,109,51,106,3,135,7,102" hai2="29,112,65,54,74,83,4,73,76,5,18,62,100" hai3="11,63,87,13,107,46,133,126,82,33,127,88,111"/><W55/><G133/><T90/><D117/><U50/><E35/><V39/><F112/><W20/><G33/><T124/><D72/><U132/><E106/><V80/><F39/><W56/><G107/><T32/><D124/><U67/><E102/><V104/><F29/><W10/><G111/><T59/><D90/><U40/><E3/><V120/><F120/><W36/><G20/><T130/><D130/><U19/><E7/><V48/><F18/><W86/><G86/><T8/><D8/><U30/><E30/><V0/><F0/><W122/><G122/><T26/><D64/><U119/><E57/><V23/><F23/><W81/><G81/><T61/><D49/><U131/><E67/><V99/><F80/><W38/><G13/><T77/><D77/><U91/><E91/><V96/><F96/><W134/><G134/><T79/><D79/><U78/><E78/><V69/><F74/><W44/><G127/><T37/><D37/><U60/><E60/><V52/><F54/><W9/><REACH who="3" step="1"/><G126/><REACH who="3" ten="346,467,114,63" step="2"/><T98/><D97/><U27/><E27/><V12/><F12/><W95/><G95/><T118/><D118/><U84/><E84/><V125/><F125/><W25/><G25/><T14/><D14/><U71/><E40/><V34/><F34/><W94/><G94/><T110/><D110/><U21/><E21/><V6/><F4/><W85/><G85/><T45/><D26/><U115/><E115/><V15/><F15/><W28/><G28/><T114/><D114/><U2/><E2/><V42/><F42/><W101/><G101/><T47/><D31/><RYUUKYOKU ba="0,1" sc="346,-30,467,10,114,10,63,10" hai1="16,19,50,51,71,108,109,116,119,129,131,132,135" hai2="5,6,48,52,62,65,69,73,76,83,99,100,104" hai3="9,10,11,36,38,44,46,55,56,63,82,87,88" /><INIT seed="7,1,1,3,1,125" ten="316,477,124,73" oya="3" hai0="120,46,71,103,99,20,82,118,30,11,81,4,135" hai1="111,22,37,26,119,52,62,7,17,39,16,18,122" hai2="95,68,87,131,8,89,28,91,74,58,97,5,73" hai3="55,45,64,43,23,88,61,94,15,33,105,2,35"/><W13/><G2/><T0/><D120/><U116/><E111/><V51/><F131/><W96/><G105/><T44/><D118/><N who="1" m="45099" /><E122/><V25/><F68/><W10/><G55/><T24/><D135/><U69/><E7/><V53/><F91/><W48/><G23/><T132/><D132/><U29/><E52/><V32/><F87/><W75/><G75/><T123/><D71/><U6/><E6/><V115/><F115/><W14/><REACH who="3" step="1"/><G10/><REACH who="3" ten="316,477,124,63" step="2"/><T72/><D72/><U41/><E41/><V79/><F79/><W134/><G134/><T12/><D123/><U84/><E84/><V65/><F65/><AGARI ba="1,2" hai="16,17,18,22,26,29,37,39,62,65,69" m="45099" machi="65" ten="30,2000,0" yaku="12,1,54,1" doraHai="125" who="1" fromWho="2" sc="316,0,477,43,124,-23,63,0" owari="316,12.0,520,62.0,101,-30.0,63,-44.0" /></mjloggm>