<mjloggm ver="2.3"><GO type="169" lobby="0"/><UN n0="%E3%81%AA%E3%81%AA%E3%81%BF%EF%BC%A0%E5%8F%B2%E7%9A%AE%E8%BB%8D%E5%9B%A3" n1="%E5%A4%A9%E6%89%8D%E9%BA%BB%E5%B0%86%E6%9D%8F%E6%9D%8F" n2="%7A%6B%75%72%74" n3="%E9%87%A3%E3%82%8A%E6%97%A5%E5%92%8C" dan="17,16,16,16" rate="2193.36,2064.07,2132.82,2092.61" sx="F,F,M,M"/><TAIKYOKU oya="0"/><INIT seed="0,0,0,1,0,112" ten="250,250,250,250" oya="0" hai0="57,130,11,83,108,94,62,88,19,44,120,69,23" hai1="28,30,85,87,65,36,29,22,67,84,40,1,115" hai2="127,96,117,82,53,116,47,98,100,39,101,95,131" hai3="61,18,24,70,15,72,80,52,26,129,119,86,121"/><T9/><D120/><U48/><E1/><V20/><F131/><W31/><G72/><T122/><D122/><U2/><E2/><V113/><F113/><W103/><G129/><T3/><D130/><U12/><E36/><V42/><F127/><W49/><G103/><T74/><D69/><U14/><E115/><V58/><F82/><W5/><G5/><T135/><D135/><U25/><E40/><V54/><F20/><W0/><G0/><T77/><D44/><U68/><E48/><V97/><F97/><W50/><G50/><T132/><D132/><U125/><E125/><V92/><F54/><W89/><G119/><T93/><D93/><U13/><E68/><V124/><F124/><W37/><G37/><T33/><D33/><U107/><E107/><V46/><F46/><W123/><G61/><AGARI ba="0,0" hai="39,42,47,53,58,61,92,95,96,98,100,101,116,117" machi="61" ten="40,5200,0" yaku="9,1,52,2" doraHai="112" who="2" fromWho="3" sc="250,0,250,0,250,52,250,-52" /><INIT seed="1,0,0,0,4,46" ten="250,250,302,198" oya="1" hai0="26,79,90,7,1,100,24,35,62,17,130,10,75" hai1="4,73,5,67,88,33,85,134,61,78,76,87,91" hai2="80,27,101,52,56,36,96,43,30,66,105,64,13" hai3="125,69,111,23,84,51,89,135,71,94,2,114,77"/><U112/><E112/><V104/><F104/><W115/><G2/><T103/><D79/><U54/><E33/><V128/><F128/><W11/><G11/><T113/><D75/><U58/><E134/><V102/><F102/><W25/><G135/><T120/><D113/><U15/><E73/><V8/><F80/><W110/><G77/><N who="1" m="29802" /><E67/><V123/><F43/><W68/><G125/><T9/><D130/><U39/><E39/><V48/><F36/><W16/><REACH who="3" step="1"/><G51/><REACH who="3" ten="250,250,302,188" step="2"/><T63/><D1/><U107/><E4/><V127/><F127/><W44/><G44/><T116/><D7/><U118/><E118/><V97/><F123/><W59/><G59/><T42/><D120/><U55/><E5/><V28/><F28/><W82/><G82/><T38/><D116/><U124/><E124/><V81/><F81/><W3/><G3/><T21/><D38/><U98/><E58/><V70/><F70/><W20/><G20/><T53/><D21/><U65/><E61/><V122/><F122/><W41/><G41/><T119/><D42/><U74/><E74/><V45/><F56/><W40/><G40/><T106/><D119/><U129/><E129/><V50/><F50/><W86/><G86/><T0/><D0/><U57/><E87/><V12/><F8/><W132/><G132/><T60/><D60/><U37/><E85/><V6/><F6/><W72/><G72/><T19/><D63/><U133/><E37/><V14/><F97/><W109/><AGARI ba="0,1" hai="16,23,25,68,69,71,84,89,94,109,110,111,114,115" machi="109" ten="40,8000,1" yaku="1,1,0,1,14,1,54,1,53,0" doraHai="46" doraHaiUra="47" who="3" fromWho="3" sc="250,-20,250,-40,302,-20,188,90" /><INIT seed="2,0,0,5,2,134" ten="230,210,282,278" oya="2" hai0="22,47,89,135,128,98,7,81,57,34,117,33,18" hai1="66,106,38,71,48,70,84,35,94,26,44,1,73" hai2="133,126,112,29,101,68,65,27,4,19,95,111,54" hai3="5,75,51,0,56,39,80,86,23,102,24,97,83"/><V41/><F112/><W124/><G39/><T131/><D135/><U11/><E106/><V104/><F133/><W76/><G5/><T116/><D47/><U93/><E73/><V91/><F4/><W6/><G6/><T105/><D7/><U10/><E1/><V20/><F41/><W127/><G51/><T32/><D57/><U78/><E38/><V87/><F111/><W31/><G56/><T129/><D81/><U55/><E93/><V43/><F43/><W99/><G0/><T61/><D61/><U3/><E66/><V58/><F68/><W108/><G108/><T40/><D40/><U121/><E121/><V2/><F2/><W17/><G17/><T63/><D63/><U118/><E118/><V69/><F69/><W119/><G119/><N who="0" m="45643" /><D89/><U74/><E3/><V49/><F65/><W42/><G42/><T37/><D37/><U88/><E70/><V72/><F72/><W92/><REACH who="3" step="1"/><G97/><REACH who="3" ten="230,210,282,268" step="2"/><T62/><D98/><U90/><E71/><V25/><F19/><W100/><G100/><T14/><D62/><U115/><E48/><V82/><F49/><W52/><G52/><T9/><D18/><U120/><E55/><V123/><F54/><W28/><G28/><T15/><D128/><U60/><E60/><V114/><F58/><W36/><G36/><T8/><D129/><U53/><E53/><V12/><F29/><W103/><G103/><T16/><D131/><U77/><E44/><V59/><F101/><W109/><G109/><T13/><D14/><U96/><E96/><V125/><F59/><W85/><G85/><T110/><D110/><RYUUKYOKU ba="0,1" sc="230,-10,210,-10,282,-10,268,30" hai3="23,24,31,75,76,80,83,86,92,99,102,124,127" /><INIT seed="3,1,1,4,0,61" ten="220,200,272,298" oya="3" hai0="129,13,38,70,16,4,41,30,88,125,27,98,114" hai1="48,34,120,18,89,122,52,93,42,66,8,115,56" hai2="110,107,39,46,116,25,96,2,21,36,84,23,74" hai3="72,102,3,76,12,126,111,35,5,123,100,40,134"/><W121/><G35/><T108/><D108/><U15/><E115/><V65/><F116/><W22/><G111/><T94/><D129/><U117/><E117/><V113/><F74/><W130/><G130/><T67/><D125/><U50/><E34/><V49/><F2/><W26/><G126/><T87/><D4/><U20/><E66/><V24/><F113/><W37/><G12/><T62/><D114/><U83/><E83/><V6/><F6/><W10/><G134/><T81/><D41/><U69/><E69/><V104/><F110/><W106/><G100/><T131/><D38/><U29/><E42/><V33/><F33/><W128/><G128/><T47/><D47/><U73/><E48/><V86/><F96/><W132/><G132/><T85/><D131/><U31/><E73/><V105/><F49/><W57/><G57/><T135/><D135/><U77/><E77/><V63/><F46/><N who="3" m="23823" /><G102/><T43/><D43/><U11/><E122/><V51/><F51/><W68/><G68/><T32/><D81/><U58/><E58/><V14/><F14/><W91/><G91/><T17/><D17/><U53/><E120/><V119/><F119/><W118/><G106/><T79/><D79/><U0/><E0/><V78/><F107/><W9/><G118/><T44/><D44/><U60/><E60/><V80/><F63/><W103/><G9/><AGARI ba="1,1" hai="9,13,16,27,30,32,62,67,70,85,87,88,94,98" machi="9" ten="30,7700,0" yaku="7,1,52,1,54,2" doraHai="61" who="0" fromWho="3" sc="220,90,200,0,272,0,298,-80" /><INIT seed="4,0,0,1,1,12" ten="310,200,272,218" oya="0" hai0="102,52,4,122,21,32,81,135,53,24,82,60,125" hai1="40,49,11,64,128,62,26,114,120,127,59,75,90" hai2="36,3,96,37,132,119,116,65,34,33,22,2,10" hai3="105,46,108,25,38,47,29,110,80,133,121,8,14"/><T89/><D122/><U134/><E75/><V45/><F65/><W130/><G105/><T68/><D32/><N who="2" m="12394" /><F96/><W92/><G25/><T86/><D125/><U79/><E120/><V112/><F112/><W31/><G121/><T18/><D135/><U83/><E128/><V91/><F91/><W28/><G130/><T51/><D102/><U39/><E39/><N who="2" m="14923" /><F45/><W73/><G133/><T9/><D81/><U20/><E90/><V30/><F10/><W58/><G58/><T54/><D68/><U27/><E11/><V118/><F132/><W63/><G63/><T74/><D74/><U103/><E64/><V72/><F72/><W109/><G38/><T43/><D60/><U76/><E62/><V77/><F77/><W70/><G70/><T117/><D117/><U56/><E79/><V15/><F15/><W66/><G66/><T5/><D9/><U88/><E76/><V95/><F95/><W100/><G80/><T124/><D124/><U44/><E134/><V84/><F84/><W87/><G73/><T55/><D43/><U97/><E127/><V69/><F69/><W50/><G50/><T107/><D107/><U85/><E114/><V17/><F30/><W99/><REACH who="3" step="1"/><G87/><REACH who="3" ten="310,200,272,208" step="2"/><T104/><D104/><N who="1" m="63599" /><E26/><V1/><F119/><W126/><G126/><T48/><D51/><U123/><E123/><V6/><F118/><W113/><G113/><T35/><D35/><U0/><E56/><AGARI ba="0,1" hai="4,5,18,21,24,48,52,53,54,55,56,82,86,89" machi="56" ten="40,7700,0" yaku="8,1,52,1,54,1" doraHai="12" who="0" fromWho="1" sc="310,87,200,-77,272,0,208,0" /><INIT seed="4,1,0,2,4,45" ten="397,123,272,208" oya="0" hai0="83,95,70,67,31,44,132,2,20,117,108,65,97" hai1="71,51,111,60,12,109,23,25,16,89,106,80,17" hai2="6,69,125,86,120,96,134,78,105,101,27,8,11" hai3="128,19,82,75,131,90,122,121,62,54,77,14,37"/><T26/><D117/><U39/><E39/><V76/><F120/><N who="3" m="46187" /><G37/><T3/><D132/><U129/><E106/><V58/><F69/><W64/><G90/><T74/><D108/><U113/><E129/><V30/><F134/><W7/><G7/><T93/><D74/><U85/><E113/><V112/><F112/><W88/><G88/><T133/><D83/><U9/><E71/><V53/><F125/><W124/><G124/><T81/><D81/><U40/><REACH who="1" step="1"/><E60/><REACH who="1" ten="397,113,272,208" step="2"/><V46/><F105/><W126/><G126/><T94/><D70/><U49/><E49/><V110/><F110/><W100/><G62/><T66/><D133/><U4/><E4/><V1/><F6/><W32/><G131/><T43/><D97/><U73/><E73/><V103/><F96/><W127/><G128/><T18/><D3/><U56/><E56/><V34/><F58/><W21/><G127/><T61/><D61/><U123/><E123/><V63/><F63/><W92/><G64/><T38/><D2/><U87/><E87/><V28/><F86/><W79/><G75/><T5/><D5/><U59/><E59/><V91/><F1/><W102/><G77/><T115/><D115/><U35/><E35/><V114/><F34/><W33/><G32/><T57/><D57/><U98/><E98/><V0/><F0/><W15/><G33/><T68/><D68/><U84/><E84/><V50/><F114/><W42/><G79/><T29/><AGARI ba="1,1" hai="18,20,26,29,31,38,43,44,65,66,67,93,94,95" machi="29" ten="40,2100,0" yaku="0,1" doraHai="45" who="0" fromWho="0" sc="397,34,113,-8,272,-8,208,-8" /><INIT seed="4,2,0,5,2,21" ten="431,105,264,200" oya="0" hai0="131,35,24,107,40,61,19,100,87,7,73,75,89" hai1="46,104,38,72,49,68,15,81,4,115,5,96,94" hai2="109,103,69,1,108,84,123,126,34,110,98,9,127" hai3="120,91,86,22,64,50,92,135,28,132,124,59,43"/><T121/><D121/><U114/><E68/><V97/><F123/><W11/><G120/><T6/><D131/><U13/><E104/><V93/><F69/><W37/><G37/><T47/><D61/><U128/><E38/><V17/><F34/><W77/><G77/><T33/><D33/><U106/><E106/><V26/><F97/><W63/><G124/><N who="2" m="47657" /><F84/><W51/><G11/><T88/><D89/><U55/><E128/><V125/><F125/><W102/><G102/><T2/><D100/><N who="1" m="60439" /><E81/><V53/><F53/><W74/><G74/><T52/><D107/><U3/><E72/><V16/><F26/><N who="3" m="16471" /><G43/><T60/><D35/><U119/><E119/><V23/><F23/><W12/><G12/><N who="1" m="4682" /><E3/><V76/><F76/><W0/><G0/><T90/><D2/><U8/><E8/><V48/><F48/><W118/><G118/><T70/><D73/><U117/><E117/><V42/><F42/><W66/><G66/><T31/><D75/><U58/><E4/><AGARI ba="2,0" hai="1,4,9,16,17,93,98,103,108,109,110" m="47657" machi="4" ten="40,2600,0" yaku="18,1,54,1" doraHai="21" who="2" fromWho="1" sc="431,0,105,-32,264,32,200,0" /><INIT seed="5,0,0,5,1,105" ten="431,73,296,200" oya="1" hai0="113,102,10,50,70,66,44,110,51,1,7,87,98" hai1="62,35,61,108,111,25,85,27,124,121,99,73,82" hai2="21,96,30,53,32,40,104,47,48,100,59,81,78" hai3="64,130,4,115,8,63,93,135,14,56,92,107,41"/><U42/><E121/><V94/><F32/><W22/><G107/><T33/><D110/><N who="1" m="42027" /><E42/><V46/><F104/><W13/><G115/><T20/><D33/><U109/><N who="1" m="42035" /><U103/><DORA hai="45" /><E124/><V60/><F47/><W57/><G130/><T9/><D44/><U133/><E133/><V72/><F21/><W132/><G41/><T49/><D113/><U97/><E85/><V120/><F30/><W116/><G116/><T76/><D87/><U114/><E114/><V26/><F26/><N who="1" m="9737" /><E35/><V6/><F6/><W91/><G132/><T16/><D7/><U134/><E134/><V126/><F126/><W68/><G135/><T95/><D1/><U18/><E18/><V2/><F2/><W28/><G14/><T119/><D119/><U58/><E103/><V74/><F120/><W54/><G28/><T123/><D123/><U31/><E31/><V83/><F83/><W19/><G4/><T36/><D16/><U5/><E5/><V77/><F77/><W38/><G38/><T71/><D36/><U67/><E62/><V127/><F127/><W12/><G12/><T24/><D24/><U0/><E0/><V131/><F131/><W43/><G43/><T34/><D34/><U129/><E129/><V88/><F100/><W117/><G117/><T39/><D102/><U79/><AGARI ba="0,0" hai="58,61,67,73,79,82,97,99" m="9737,42035" machi="79" ten="50,4800,0" yaku="10,1,52,1" doraHai="105,45" who="1" fromWho="1" sc="431,-16,73,48,296,-16,200,-16" /><INIT seed="5,1,0,1,2,119" ten="415,121,280,184" oya="1" hai0="120,115,63,20,103,104,111,91,21,127,85,126,82" hai1="4,108,123,0,3,121,105,22,12,35,60,50,54" hai2="118,29,31,32,42,5,37,79,125,36,134,86,88" hai3="61,72,16,132,53,18,100,96,45,46,102,124,8"/><U17/><E105/><V44/><F118/><W62/><G72/><T11/><D111/><U106/><E106/><V66/><F134/><W67/><G124/><N who="0" m="47659" /><D115/><U40/><E108/><V131/><F125/><W6/><G6/><T87/><D120/><N who="1" m="46155" /><E60/><V114/><F114/><W98/><G8/><T51/><D63/><U57/><E57/><V64/><F36/><W80/><G80/><N who="0" m="49575" /><D11/><N who="1" m="4199" /><E54/><V26/><F79/><W9/><G9/><T13/><D51/><U128/><E40/><V71/><F71/><W116/><G116/><T130/><D104/><U78/><E50/><V90/><F5/><W33/><G33/><T70/><D70/><U117/><E78/><V93/><F90/><W49/><G49/><T1/><D103/><U55/><E55/><V23/><F66/><W52/><G132/><T65/><D65/><AGARI ba="1,0" hai="16,18,45,46,52,53,61,62,65,67,96,98,100,102" machi="65" ten="25,8000,1" yaku="22,2,8,1,54,2" doraHai="119" who="3" fromWho="0" sc="415,-83,121,0,280,0,184,83" /><INIT seed="6,0,0,3,1,37" ten="332,121,280,267" oya="2" hai0="132,90,86,4,69,92,68,5,81,112,93,0,120" hai1="55,119,59,87,128,77,33,23,42,15,38,9,52" hai2="122,106,18,117,53,102,29,13,91,57,10,48,3" hai3="84,45,65,36,126,63,115,39,24,113,116,121,96"/><V130/><F122/><W6/><G116/><T85/><D120/><U105/><E119/><V89/><F117/><W67/><G121/><T26/><D112/><N who="3" m="43081" /><G67/><T22/><D132/><U20/><E33/><V99/><F130/><W109/><G109/><T47/><D47/><U60/><E105/><V19/><F3/><W46/><G6/><T98/><D92/><U32/><E32/><V80/><F29/><W75/><G75/><T123/><D85/><U101/><E128/><V66/><F66/><W129/><G129/><T35/><D35/><U51/><E101/><V107/><F107/><W79/><G24/><T14/><D0/><U16/><E38/><N who="3" m="14378" /><G96/><T71/><D14/><U74/><E74/><V73/><REACH who="2" step="1"/><F19/><REACH who="2" ten="332,121,270,267" step="2"/><W12/><G65/><T118/><D118/><U82/><REACH who="1" step="1"/><E42/><REACH who="1" ten="332,111,270,267" step="2"/><V8/><F8/><W58/><G126/><T127/><D127/><U100/><E100/><V125/><F125/><W43/><G43/><T50/><D123/><U27/><E27/><V56/><F56/><AGARI ba="0,2" hai="9,15,16,20,23,51,52,55,56,59,60,77,82,87" machi="56" ten="30,12000,2" yaku="1,1,7,1,8,1,54,2,53,1" doraHai="37" doraHaiUra="11" who="1" fromWho="2" sc="332,0,111,140,270,-120,267,0" /><INIT seed="7,0,0,0,1,124" ten="332,251,150,267" oya="3" hai0="122,105,66,47,36,88,125,46,8,74,64,110,72" hai1="120,107,0,79,44,13,39,29,84,28,77,114,87" hai2="119,15,129,24,38,73,14,86,113,9,53,92,104" hai3="57,91,95,118,37,133,106,109,126,43,97,117,80"/><W60/><G126/><T67/><D122/><U134/><E0/><V23/><F119/><W6/><G106/><T25/><D110/><U69/><E69/><V4/><F73/><W48/><G37/><T10/><D105/><U93/><E107/><V18/><F104/><W111/><G6/><T58/><D36/><U11/><E120/><V33/><F113/><W135/><G48/><T96/><D58/><U21/><E134/><N who="3" m="51210" /><G43/><T71/><D71/><U94/><E44/><V20/><F38/><W16/><G80/><T75/><D125/><U81/><E114/><V68/><F68/><W7/><G7/><T83/><D25/><N who="1" m="16431" /><E29/><V45/><F33/><W76/><G76/><N who="1" m="29258" /><E39/><V115/><F115/><W99/><G16/><T63/><D83/><U52/><E52/><V121/><F121/><W3/><G3/><T70/><D70/><U127/><E81/><V103/><F45/><W112/><G112/><T22/><D47/><U19/><E127/><V54/><F103/><N who="3" m="60863" /><G60/><T128/><D63/><U1/><E1/><V65/><F65/><W116/><G57/><T130/><D46/><U101/><E94/><AGARI ba="0,0" hai="91,94,99,109,111,116,117,118" m="60863,51210" machi="94" ten="40,7700,0" yaku="20,1,34,2" doraHai="124" who="3" fromWho="1" sc="332,0,251,-77,150,0,267,77" owari="332,13.0,174,-23.0,150,-35.0,344,45.0" /></mjloggm>