<mjloggm ver="2.3"><GO type="169" lobby="0"/><UN n0="%E6%A4%9B%E5%8D%97" n1="%43%E3%82%A8%E3%83%BC%E3%82%B8%E3%82%A7%E3%83%B3%E3%83%88" n2="%73%68%69%62%75%74%61%6E" n3="%E3%83%8F%E3%83%9E%E3%83%BC" dan="17,16,16,16" rate="2220.65,2080.63,2108.07,2186.49" sx="F,M,M,M"/><TAIKYOKU oya="0"/><INIT seed="0,0,0,1,4,38" ten="250,250,250,250" oya="0" hai0="15,130,68,108,49,118,128,67,64,105,94,58,27" hai1="115,5,72,89,96,8,113,55,110,37,98,135,90" hai2="42,1,33,62,102,36,25,81,61,9,101,23,29" hai3="83,122,51,13,43,66,117,76,7,12,24,4,17"/><T80/><D118/><U35/><E35/><V93/><F33/><W47/><G117/><T52/><D105/><U65/><E110/><V2/><F81/><W69/><G122/><T30/><D108/><U22/><E72/><V123/><F123/><W19/><G24/><T132/><D68/><U92/><E135/><V85/><F102/><W100/><G100/><T127/><D132/><U41/><E22/><V21/><F21/><W26/><G26/><T74/><D94/><U131/><E55/><V84/><F84/><N who="3" m="48231" /><G66/><T86/><D74/><U73/><E65/><V44/><F85/><W20/><G69/><T125/><D15/><U133/><E131/><N who="0" m="50217" /><D64/><U129/><E129/><V134/><F134/><W121/><G121/><T106/><D67/><U56/><E56/><V124/><F124/><N who="0" m="47690" /><D106/><U78/><E133/><V120/><F120/><W95/><G95/><T39/><D39/><U40/><E37/><V28/><F93/><W116/><G116/><T59/><D59/><U126/><E126/><V77/><F36/><W50/><G50/><T34/><D86/><U32/><E92/><V104/><F104/><W60/><G60/><T109/><D109/><U82/><E98/><V79/><F62/><W46/><G46/><T45/><D45/><U111/><E111/><V107/><F61/><W114/><G114/><N who="1" m="43530" /><E96/><V48/><F107/><W3/><G3/><T6/><D80/><U0/><E32/><V18/><F44/><W54/><G54/><T31/><D31/><U63/><E63/><V99/><F29/><W119/><G119/><T103/><D103/><U70/><E70/><RYUUKYOKU ba="0,0" sc="250,10,250,10,250,-30,250,10" hai0="6,27,30,34,49,52,58" hai1="0,5,8,40,41,73,78,82,89,90" hai3="4,7,12,13,17,19,20,43,47,51" /><INIT seed="0,1,0,0,3,103" ten="260,260,220,260" oya="0" hai0="51,111,8,92,53,106,109,118,66,121,19,100,9" hai1="29,59,26,102,45,130,2,124,76,64,12,82,134" hai2="67,90,38,33,91,22,133,56,78,18,117,135,97" hai3="108,85,23,60,79,115,84,31,68,126,128,43,28"/><T110/><D118/><U32/><E124/><V34/><F38/><W27/><G115/><T15/><D121/><U93/><E130/><V62/><F78/><W73/><G108/><T120/><D120/><U57/><E134/><N who="2" m="51211" /><F117/><W72/><G128/><T75/><D75/><U48/><E2/><V4/><F4/><W17/><G43/><T98/><D66/><U54/><E12/><N who="2" m="9543" /><F97/><W42/><G79/><T65/><D65/><U107/><E64/><V41/><F41/><W125/><G42/><T52/><D9/><U105/><E93/><V114/><F114/><W87/><G68/><T101/><D101/><U123/><E123/><V77/><F77/><W21/><G60/><T80/><D80/><U104/><REACH who="1" step="1"/><E102/><REACH who="1" ten="260,250,220,260" step="2"/><V89/><AGARI ba="1,1" hai="33,34,56,62,67,89,90,91" m="9543,51211" machi="89" ten="30,1100,0" yaku="20,1" doraHai="103" who="2" fromWho="2" sc="260,-6,250,-4,220,24,260,-4" /><INIT seed="1,0,0,5,3,27" ten="254,246,244,256" oya="1" hai0="2,117,31,78,17,126,6,127,76,40,75,72,1" hai1="133,125,118,67,64,135,98,84,69,70,134,87,102" hai2="53,45,121,113,52,92,12,131,62,57,48,29,26" hai3="38,119,42,44,34,71,114,58,55,13,23,37,43"/><U8/><E118/><V111/><F111/><W77/><G114/><T123/><D6/><U33/><E8/><V35/><F113/><W120/><G120/><T60/><D123/><U25/><E125/><V110/><F110/><W112/><G34/><T107/><D107/><U49/><E49/><V90/><F121/><W93/><G71/><N who="1" m="27146" /><E25/><V0/><F131/><W99/><G77/><T94/><D17/><U95/><E33/><V41/><F12/><W88/><G119/><T81/><D94/><U105/><E105/><V100/><F0/><W63/><G112/><T83/><D60/><U61/><E61/><V9/><F9/><W50/><REACH who="3" step="1"/><G42/><REACH who="3" ten="254,246,244,246" step="2"/><T124/><D117/><U74/><E74/><V20/><F35/><W5/><G5/><T11/><D40/><U96/><E96/><N who="2" m="59399" /><F90/><W132/><G132/><T15/><D127/><U47/><E47/><V82/><F82/><W59/><G59/><T14/><D11/><U19/><E84/><V39/><F39/><W65/><G65/><AGARI ba="0,1" hai="20,26,29,41,45,48,52,53,57,62,65" m="59399" machi="65" ten="30,7700,0" yaku="25,1,8,1,52,1,54,1" doraHai="27" who="2" fromWho="3" sc="254,0,246,0,244,87,246,-77" /><INIT seed="2,0,0,2,0,124" ten="254,246,331,169" oya="2" hai0="128,40,83,5,81,96,28,61,132,133,127,58,94" hai1="117,46,7,55,2,23,6,108,76,114,110,115,48" hai2="47,92,104,0,72,26,91,10,1,93,101,22,9" hai3="125,123,50,16,11,31,88,84,106,42,36,49,4"/><V3/><F72/><W99/><G123/><T73/><D127/><U105/><E117/><V97/><F47/><W43/><G125/><T18/><D40/><N who="3" m="15401" /><G106/><T45/><D45/><U30/><E105/><V70/><F70/><W109/><G109/><N who="1" m="42090" /><E76/><V111/><F111/><W51/><G31/><T60/><D5/><N who="1" m="1547" /><E2/><V57/><F57/><W95/><G36/><T79/><D28/><U21/><E30/><V67/><F67/><W116/><G4/><T19/><D83/><U54/><E55/><V87/><REACH who="2" step="1"/><F104/><REACH who="2" ten="254,246,321,169" step="2"/><W121/><G121/><T112/><D73/><U25/><E46/><V82/><F82/><W12/><G116/><T66/><D81/><U86/><E114/><V89/><F89/><W75/><G75/><T52/><D112/><U68/><E68/><V8/><F8/><W80/><G80/><T134/><D79/><U130/><E115/><V98/><F98/><AGARI ba="0,1" hai="11,12,16,49,50,51,84,88,95,98,99" m="15401" machi="98" ten="30,3900,0" yaku="8,1,54,2" doraHai="124" who="3" fromWho="2" sc="254,0,246,0,321,-39,169,49" /><INIT seed="3,0,0,2,2,7" ten="254,246,282,218" oya="3" hai0="52,4,130,133,103,38,75,44,113,84,50,23,64" hai1="59,0,131,8,132,73,106,29,32,78,119,107,45" hai2="10,19,65,121,118,11,56,48,6,80,123,58,124" hai3="42,53,18,87,21,72,98,39,82,31,95,63,47"/><W116/><G116/><T128/><D75/><U20/><E132/><V2/><F118/><W22/><G72/><T135/><D103/><U69/><E69/><V112/><F112/><W30/><G22/><T127/><D113/><U26/><E131/><N who="0" m="50217" /><D23/><U3/><E59/><V102/><F124/><W35/><G35/><T92/><D64/><U70/><E119/><V101/><F80/><W122/><G122/><N who="2" m="46601" /><F56/><W17/><G17/><T36/><D4/><U91/><E91/><V88/><F88/><W86/><G63/><T5/><D92/><U94/><E94/><V105/><F105/><W89/><G53/><T13/><D84/><U14/><E45/><V115/><F115/><W129/><G86/><T100/><D100/><U85/><E70/><V126/><F126/><W108/><G108/><T67/><D67/><U110/><E110/><V96/><F96/><W1/><G129/><T90/><D90/><U40/><E73/><V71/><F71/><W51/><G39/><N who="0" m="14891" /><D127/><U28/><E85/><V114/><F114/><W81/><G81/><T134/><D5/><U125/><E125/><V37/><F37/><W76/><REACH who="3" step="1"/><G1/><REACH who="3" ten="254,246,282,208" step="2"/><T77/><D77/><U12/><E78/><V43/><F65/><W79/><G79/><T33/><D33/><U41/><E32/><V60/><F60/><W68/><G68/><T97/><D97/><U49/><E0/><V9/><F2/><W66/><G66/><T61/><D61/><U16/><E3/><V109/><F109/><W111/><G111/><T15/><AGARI ba="0,1" hai="13,15,44,50,52,133,134,135" m="14891,50217" machi="15" ten="40,5200,0" yaku="20,1,19,1,54,1" doraHai="7" who="0" fromWho="0" sc="254,62,246,-13,282,-13,208,-26" /><INIT seed="4,0,0,0,0,50" ten="316,233,269,182" oya="0" hai0="71,66,26,24,82,106,116,125,89,18,70,43,34" hai1="55,83,37,22,65,44,39,135,25,78,51,4,52" hai2="19,80,17,120,77,15,105,69,134,91,46,12,113" hai3="56,10,114,5,62,126,115,92,64,96,68,104,112"/><T132/><D132/><U14/><E135/><V8/><F134/><W27/><G126/><T20/><D125/><U40/><E65/><V79/><F120/><W42/><G104/><T13/><D116/><U117/><E117/><V9/><F113/><W123/><G123/><T11/><D106/><U133/><E133/><V103/><F69/><W57/><G27/><T49/><D66/><U97/><E97/><V86/><F105/><W95/><G42/><T81/><D26/><U36/><E14/><V60/><F103/><W48/><G48/><T109/><D34/><U119/><E4/><V63/><F46/><W101/><REACH who="3" step="1"/><G92/><REACH who="3" ten="316,233,269,172" step="2"/><T54/><D43/><U38/><E119/><V108/><F108/><W99/><G99/><T111/><D111/><U72/><N who="1" m="9216" /><DORA hai="21" /><U28/><AGARI ba="0,1" hai="22,25,28,40,44,51,52,55,72,78,83" m="9216" machi="28" ten="60,12000,2" yaku="4,1,0,1,52,3,54,1" doraHai="50,21" who="1" fromWho="1" sc="316,-60,233,130,269,-30,172,-30" /><INIT seed="5,0,0,4,5,34" ten="256,363,239,142" oya="1" hai0="59,1,131,98,81,62,126,71,51,134,125,28,89" hai1="30,66,63,105,85,87,48,54,95,23,76,35,33" hai2="70,13,122,50,123,101,65,86,100,119,75,47,55" hai3="61,12,64,88,121,93,22,2,127,0,124,97,37"/><U40/><E105/><V16/><F75/><W8/><G121/><T110/><D110/><U10/><E40/><V67/><F119/><W83/><G22/><T14/><D62/><U90/><E10/><V31/><F31/><W92/><G92/><T11/><D71/><U107/><E107/><V4/><F4/><W39/><G83/><T77/><D134/><U112/><E112/><V73/><F73/><W79/><G79/><T24/><D1/><U41/><E41/><V19/><F70/><N who="3" m="42255" /><G39/><T94/><D131/><U45/><E85/><V42/><F123/><W99/><G99/><T82/><D77/><U60/><E60/><V132/><F132/><W32/><G32/><T49/><D49/><U58/><REACH who="1" step="1"/><E76/><REACH who="1" ten="256,353,239,142" step="2"/><V96/><F122/><W29/><G37/><T120/><D120/><U5/><E5/><V36/><F36/><W21/><G8/><T128/><D11/><U72/><E72/><V69/><F42/><W74/><G74/><T102/><D128/><U27/><AGARI ba="0,1" hai="23,27,30,33,35,45,48,54,58,63,66,87,90,95" machi="27" ten="30,3000,0" yaku="1,1,0,1,53,0" doraHai="34" doraHaiUra="117" who="1" fromWho="1" sc="256,-10,353,40,239,-10,142,-10" /><INIT seed="5,1,0,3,2,70" ten="246,393,229,132" oya="1" hai0="116,122,119,28,44,118,59,53,60,69,20,132,4" hai1="34,128,115,52,31,78,74,8,107,134,47,98,26" hai2="32,45,93,133,123,17,76,49,124,33,43,127,62" hai3="55,129,56,91,79,77,109,2,105,126,9,30,111"/><U108/><E115/><V14/><F123/><W120/><G120/><T113/><D122/><U23/><E128/><V24/><F133/><W86/><G105/><T42/><D4/><U36/><E134/><V6/><F76/><W75/><G129/><T85/><D85/><U27/><E8/><V95/><F62/><W10/><G126/><N who="2" m="48169" /><F6/><W131/><G131/><T72/><D72/><U101/><E108/><V50/><F50/><W114/><G114/><T22/><D113/><U135/><E135/><V12/><F12/><W48/><G75/><T117/><D132/><U0/><E0/><V3/><F3/><W65/><G109/><T38/><N who="0" m="29696" /><DORA hai="46" /><T68/><REACH who="0" step="1"/><D20/><REACH who="0" ten="236,393,229,132" step="2"/><U121/><E121/><V97/><F33/><W7/><G111/><T103/><D103/><U64/><E74/><V1/><F1/><W16/><G2/><T63/><D63/><U125/><E125/><V61/><F61/><N who="3" m="38055" /><G7/><T100/><D100/><U58/><E23/><N who="2" m="11703" /><F97/><W80/><G9/><T41/><D41/><U29/><E34/><V87/><F87/><W82/><G82/><T106/><D106/><U39/><E98/><V94/><F32/><W57/><G30/><T71/><D71/><U5/><E29/><V73/><F73/><W66/><G10/><T37/><D37/><U92/><E31/><V96/><F96/><W18/><G18/><T99/><D99/><U54/><E5/><V35/><F35/><W104/><G104/><T15/><D15/><U81/><E81/><V40/><F40/><W110/><G110/><T13/><D13/><U88/><E107/><V89/><F43/><RYUUKYOKU ba="1,1" sc="236,30,393,-10,229,-10,132,-10" hai0="22,28,38,42,44,53,59,60,68,69" /><INIT seed="6,2,1,3,4,78" ten="266,383,219,122" oya="2" hai0="96,30,61,117,113,91,107,70,19,64,23,45,32" hai1="125,34,4,28,24,47,58,92,110,79,50,74,99" hai2="69,114,33,130,29,132,15,81,5,93,120,40,9" hai3="94,18,60,44,123,80,57,72,95,115,134,100,111"/><V62/><F120/><W1/><G111/><T128/><D128/><U87/><E125/><V41/><F114/><W39/><G123/><T121/><D121/><U35/><E4/><V98/><F130/><W104/><G134/><T36/><D113/><U11/><E11/><V13/><F132/><W51/><G115/><T102/><D117/><U82/><E58/><V73/><F15/><W122/><G122/><T42/><D91/><U43/><E110/><V66/><F29/><W26/><G39/><T37/><D37/><U75/><E35/><V103/><REACH who="2" step="1"/><F33/><REACH who="2" ten="266,383,209,122" step="2"/><W124/><G124/><T90/><D32/><U8/><E8/><V22/><F22/><W59/><G26/><T135/><D30/><U109/><E109/><V46/><F46/><W52/><G1/><T31/><D31/><U133/><E133/><V55/><F55/><W10/><G10/><T101/><D135/><U49/><E24/><V105/><F105/><W63/><G18/><T56/><D107/><U6/><E28/><V77/><AGARI ba="2,2" hai="5,9,13,40,41,62,66,69,73,77,81,93,98,103" machi="77" ten="30,6000,0" yaku="1,1,0,1,52,1,53,0" doraHai="78" doraHaiUra="17" who="2" fromWho="2" sc="266,-22,383,-22,209,86,122,-22" /><INIT seed="6,3,0,1,2,69" ten="244,361,295,100" oya="2" hai0="115,17,57,104,23,25,21,48,44,8,93,106,0" hai1="7,82,121,9,78,4,28,20,124,40,12,54,16" hai2="110,14,80,101,119,1,24,19,43,134,30,62,108" hai3="81,37,94,33,38,123,130,39,97,13,105,32,103"/><V111/><F119/><W41/><G123/><T114/><D57/><U10/><E124/><V52/><F134/><W95/><G130/><T51/><D51/><U135/><E135/><V96/><F1/><W112/><G41/><T122/><D122/><U77/><E40/><V70/><F80/><W65/><G65/><T73/><D73/><U64/><E64/><V18/><F43/><W56/><G56/><T72/><D72/><U87/><E121/><V91/><F91/><W35/><G112/><N who="0" m="43051" /><D93/><U45/><E78/><V88/><F14/><W79/><REACH who="3" step="1"/><G13/><REACH who="3" ten="244,361,295,90" step="2"/><N who="0" m="7335" /><D0/><U71/><E71/><V98/><F70/><W107/><G107/><N who="0" m="41003" /><D25/><U58/><E58/><V133/><F133/><W76/><G76/><T27/><D27/><U11/><E28/><V3/><F3/><W6/><G6/><T117/><D117/><U34/><E34/><V50/><F30/><W66/><G66/><T84/><D84/><AGARI ba="3,1" hai="32,33,35,37,38,39,79,81,84,94,95,97,103,105" machi="84" ten="50,8000,1" yaku="1,1,52,3,53,0" doraHai="69" doraHaiUra="55" who="3" fromWho="0" sc="244,-89,361,0,295,0,90,99" /><INIT seed="7,0,0,5,0,83" ten="155,361,295,189" oya="3" hai0="117,51,65,47,94,134,77,109,58,113,8,82,4" hai1="12,1,105,9,22,129,72,25,49,36,115,60,76" hai2="93,17,125,106,32,42,56,124,48,53,85,5,55" hai3="135,44,13,78,95,69,100,131,11,86,108,126,110"/><W27/><G69/><T119/><D109/><N who="3" m="42089" /><G126/><N who="2" m="48745" /><F106/><W57/><G131/><T128/><D134/><U33/><E36/><V92/><F32/><W10/><G135/><T84/><D128/><U73/><E105/><V102/><F42/><W99/><G57/><T118/><D94/><U15/><E33/><V29/><F29/><W34/><G44/><T111/><D111/><U28/><E115/><V26/><F5/><W75/><G75/><T52/><D113/><U87/><E1/><V14/><F26/><W98/><G98/><T3/><REACH who="0" step="1"/><D65/><REACH who="0" ten="145,361,295,189" step="2"/><U66/><E66/><V39/><F92/><W43/><G95/><T123/><D123/><U132/><E132/><V35/><F93/><W62/><G100/><T40/><D40/><U20/><E129/><V61/><F102/><W88/><G43/><T6/><D6/><U23/><E73/><V114/><F114/><W74/><G74/><T79/><D79/><U103/><E76/><V7/><F7/><W97/><G78/><T89/><D89/><U21/><E72/><V96/><F55/><W68/><G88/><T63/><D63/><U59/><E60/><V127/><F61/><W24/><G62/><T30/><D30/><U133/><E28/><V81/><F53/><W91/><G91/><T19/><D19/><U2/><E103/><V54/><F54/><W50/><G99/><T90/><D90/><U80/><E133/><V67/><F96/><W37/><G97/><T130/><D130/><U46/><E25/><V31/><F31/><W16/><G27/><T122/><D122/><U18/><E18/><V107/><F127/><RYUUKYOKU ba="0,1" sc="145,30,361,-10,295,-10,189,-10" hai0="3,4,8,47,51,52,58,77,82,84,117,118,119" owari="175,-32.0,361,45.0,285,9.0,179,-22.0" /></mjloggm>