<mjloggm ver="2.3"><GO type="169" lobby="0"/><UN n0="%E5%8C%97%E5%A4%A9%E7%A5%9E%E3%81%AE%E7%94%9F%E8%8F%9C" n1="%62%69%67%6D%6F%75%74%68" n2="%73%61%6E%64%69%72%69%73" n3="%E5%8F%A4%E5%8F%82%E5%B8%AB%E5%8C%A0" dan="16,17,17,16" rate="2155.65,2199.19,2233.73,2171.75" sx="F,M,M,M"/><TAIKYOKU oya="0"/><INIT seed="0,0,0,0,2,7" ten="250,250,250,250" oya="0" hai0="1,89,38,14,102,114,12,97,73,63,109,35,129" hai1="27,131,105,19,133,69,96,53,122,26,87,110,24" hai2="71,42,118,84,41,56,135,115,8,2,68,45,98" hai3="28,101,33,76,113,83,25,88,111,119,86,3,75"/><T95/><D114/><U85/><E122/><V15/><F115/><W74/><G111/><T78/><D38/><U34/><E34/><V22/><F135/><W31/><G119/><T70/><D1/><U123/><E123/><V93/><F118/><W16/><G31/><T121/><D121/><U112/><E112/><V36/><F42/><W18/><G3/><T124/><D35/><U32/><E32/><V30/><F84/><W11/><G113/><T46/><D129/><U92/><E69/><V94/><F94/><W55/><G101/><T61/><D46/><U107/><E110/><V59/><F71/><W47/><G18/><T99/><D124/><U72/><E72/><V90/><F68/><W128/><G76/><T43/><D43/><U100/><E133/><V117/><F2/><W49/><G128/><T6/><D14/><AGARI ba="0,0" hai="11,14,16,25,28,33,47,49,55,74,75,83,86,88" machi="14" ten="40,8000,1" yaku="25,2,52,1,54,2" doraHai="7" who="3" fromWho="0" sc="250,-80,250,0,250,0,250,80" /><INIT seed="1,0,0,2,5,99" ten="170,250,250,330" oya="1" hai0="18,59,64,57,128,132,37,50,24,11,93,81,3" hai1="110,16,88,91,109,70,79,118,2,95,22,35,92" hai2="76,36,55,82,17,115,6,131,107,38,26,30,89" hai3="127,121,7,104,122,87,62,31,20,27,5,101,1"/><U60/><E118/><V13/><F131/><W67/><G87/><T96/><D128/><U40/><E35/><V12/><F115/><W39/><G39/><T46/><D37/><U84/><E2/><V113/><F113/><W74/><G74/><T14/><D132/><U125/><E125/><V73/><F107/><W8/><G7/><T98/><D98/><U4/><E4/><V0/><F13/><W48/><G48/><T119/><D119/><U77/><E40/><V65/><F65/><W44/><G44/><T124/><D124/><U56/><E70/><V54/><F38/><W10/><G8/><T53/><D3/><U114/><E114/><V123/><F123/><W94/><G104/><T111/><D111/><N who="1" m="42507" /><E91/><V130/><F36/><W23/><G23/><T90/><D64/><N who="1" m="38919" /><E95/><V120/><F120/><W102/><G127/><T85/><REACH who="0" step="1"/><D24/><AGARI ba="0,0" hai="16,22,24,77,79,84,88,92" m="38919,42507" machi="24" ten="30,11600,0" yaku="14,1,10,1,54,2" doraHai="99" who="1" fromWho="0" sc="170,-116,250,116,250,0,330,0" /><INIT seed="1,1,0,1,2,31" ten="54,366,250,330" oya="1" hai0="58,21,70,20,63,2,38,107,15,61,90,106,52" hai1="91,117,99,121,110,65,75,113,74,134,79,5,88" hai2="123,97,133,76,51,12,39,25,37,30,119,54,66" hai3="92,17,86,18,95,43,124,111,9,55,36,24,101"/><U23/><E121/><V78/><F123/><W8/><G111/><T29/><D38/><U28/><E117/><V130/><F119/><W42/><G36/><T94/><D2/><U116/><E116/><V0/><F0/><W71/><G71/><T46/><D70/><U35/><E113/><V131/><F66/><W68/><G68/><T64/><D46/><U84/><E110/><V13/><F97/><N who="3" m="59559" /><G124/><T48/><D106/><U80/><E134/><V120/><F120/><W93/><G55/><T60/><D107/><U109/><E109/><V135/><F51/><W69/><G69/><T118/><D118/><U33/><E65/><V67/><F67/><W81/><G24/><T45/><D29/><U19/><E5/><V112/><F54/><W26/><G26/><T34/><D34/><U85/><E28/><V129/><F112/><W44/><G44/><T102/><D102/><U40/><E40/><N who="3" m="15402" /><G95/><T47/><D47/><U128/><E99/><V16/><F39/><W125/><G93/><T56/><D64/><U87/><E75/><V53/><F53/><W7/><G7/><T4/><D4/><U115/><E115/><V114/><F37/><W41/><N who="3" m="15410" /><W100/><DORA hai="27" /><G100/><T77/><D15/><N who="2" m="5706" /><F114/><W98/><G98/><T22/><REACH who="0" step="1"/><D77/><REACH who="0" ten="44,366,250,330" step="2"/><N who="2" m="29802" /><F16/><N who="3" m="6251" /><G125/><T1/><D1/><U73/><E79/><AGARI ba="1,1" hai="8,9,79,81,86" m="6251,15410,59559" machi="79" ten="30,2000,0" yaku="8,1,54,1" doraHai="31,27" who="3" fromWho="1" sc="44,0,366,-23,250,0,330,33" /><INIT seed="2,0,0,0,1,59" ten="44,343,250,363" oya="2" hai0="90,72,76,18,51,30,132,103,131,109,110,22,71" hai1="120,135,99,125,42,6,116,111,75,128,130,2,40" hai2="45,58,1,49,29,87,34,69,107,117,20,98,37" hai3="26,27,62,55,44,123,46,114,67,118,33,8,10"/><V105/><F117/><W57/><G118/><T47/><D71/><U82/><E6/><V94/><F1/><W86/><G123/><T9/><D131/><U124/><E2/><V78/><F34/><W84/><G114/><T15/><D132/><U115/><E116/><V7/><F7/><W36/><G36/><T23/><D103/><U54/><E115/><V95/><F37/><W134/><G134/><T104/><D104/><U48/><E135/><V93/><F69/><W43/><G43/><T41/><D72/><U19/><E120/><V39/><F39/><W35/><G67/><T60/><D76/><U122/><E122/><V96/><F58/><W77/><G77/><T50/><D90/><U32/><E32/><V28/><F105/><W79/><G79/><T129/><D129/><N who="1" m="49771" /><E111/><N who="0" m="42505" /><D30/><N who="2" m="11882" /><F20/><N who="0" m="7722" /><D51/><U31/><E31/><V13/><F13/><W53/><G57/><T12/><D12/><U126/><E75/><V4/><F4/><W119/><REACH who="3" step="1"/><G119/><REACH who="3" ten="44,343,250,353" step="2"/><T106/><D106/><U0/><E42/><N who="2" m="24759" /><F107/><W101/><G101/><T24/><D24/><U5/><E40/><V14/><F14/><W64/><G64/><T3/><D3/><U16/><E0/><V108/><F108/><W121/><G121/><T21/><N who="0" m="7730" /><T127/><DORA hai="97" /><D127/><U85/><E126/><V74/><F74/><W25/><G25/><T100/><D100/><U61/><E125/><V38/><F38/><W81/><G81/><AGARI ba="0,1" hai="78,81,87,93,94,95,96,98" m="24759,11882" machi="81" ten="30,1500,0" yaku="8,1" doraHai="59,97" who="2" fromWho="3" sc="44,0,343,0,250,25,353,-15" /><INIT seed="2,1,0,3,1,17" ten="44,343,275,338" oya="2" hai0="135,29,52,122,85,24,115,105,114,26,34,48,41" hai1="59,119,67,58,128,20,4,79,82,60,62,42,80" hai2="112,9,36,23,19,132,77,31,108,28,44,123,89" hai3="104,61,73,69,27,88,120,92,99,51,103,126,16"/><V10/><F123/><W3/><G120/><T90/><D105/><U39/><E119/><V33/><F112/><W129/><G3/><T134/><D41/><U11/><E128/><V7/><F77/><W64/><G129/><T74/><D74/><U72/><E82/><V47/><F132/><W30/><G126/><T70/><D70/><U81/><E81/><V133/><F133/><N who="0" m="50698" /><D122/><U125/><E125/><V101/><F108/><W91/><G73/><T96/><D26/><U98/><E98/><V124/><F101/><W107/><G51/><T130/><D130/><U84/><E84/><V127/><F36/><W49/><G49/><T21/><D96/><U110/><E110/><V15/><F33/><W131/><G131/><T1/><D1/><U53/><E42/><V12/><F124/><W63/><G63/><T86/><D34/><U118/><E39/><V95/><F127/><W78/><G78/><T117/><D117/><U25/><E118/><V71/><F71/><W5/><G107/><T113/><D90/><U87/><E72/><V50/><F10/><W116/><G91/><T2/><D2/><U32/><E32/><V111/><F111/><W57/><G69/><T54/><D54/><U56/><E11/><V22/><F50/><W65/><G116/><T35/><D35/><U76/><E76/><V37/><F37/><W121/><G121/><T55/><D55/><U100/><E79/><V66/><F66/><W106/><G106/><T45/><AGARI ba="1,0" hai="21,24,29,45,48,52,85,86,113,114,115" m="50698" machi="45" ten="40,5200,0" yaku="20,1,52,1,54,1" doraHai="17" who="0" fromWho="0" sc="44,55,343,-14,275,-27,338,-14" /><INIT seed="3,0,0,2,5,89" ten="99,329,248,324" oya="3" hai0="129,84,11,130,121,83,72,116,110,46,69,82,36" hai1="30,17,111,29,102,16,120,118,27,24,74,34,45" hai2="107,122,87,10,106,78,112,57,20,94,37,86,7" hai3="59,54,26,77,132,42,133,75,100,113,49,92,91"/><W3/><G3/><T60/><D116/><U61/><E120/><V134/><F112/><W85/><G113/><T43/><D121/><U101/><E74/><V135/><F122/><W117/><G117/><T123/><D123/><U108/><E118/><V25/><F37/><W2/><G2/><T93/><D110/><N who="1" m="42027" /><E45/><V21/><F57/><W28/><G100/><N who="1" m="38506" /><E61/><V68/><F68/><W62/><G62/><T119/><D119/><U15/><E15/><V22/><F25/><N who="1" m="9801" /><E34/><V33/><F33/><W52/><G54/><T47/><D46/><U44/><E44/><V14/><F78/><W96/><G75/><T40/><D72/><U48/><E48/><V67/><F67/><W131/><G42/><T66/><D43/><U105/><E105/><V56/><F56/><W50/><G50/><T6/><D6/><U103/><E103/><V12/><F12/><W125/><G26/><T1/><D1/><U95/><E95/><V35/><F35/><W71/><G77/><T13/><D13/><U81/><E81/><V124/><F107/><W39/><G39/><T55/><D11/><U80/><E80/><V104/><F104/><W70/><G70/><T41/><D41/><U88/><E88/><N who="2" m="53527" /><F106/><W65/><G71/><T4/><D4/><U23/><E23/><V99/><F99/><W114/><G96/><T31/><D93/><U79/><E79/><V51/><F51/><W0/><G49/><N who="0" m="29119" /><D83/><U19/><AGARI ba="0,0" hai="16,17,19,29,30" m="9801,38506,42027" machi="19" ten="40,8000,1" yaku="28,2,14,1,54,1" doraHai="89" who="1" fromWho="1" sc="99,-20,329,80,248,-20,324,-40" /><INIT seed="4,0,0,4,4,40" ten="79,409,228,284" oya="0" hai0="134,67,84,14,42,53,28,82,49,111,76,15,88" hai1="66,68,132,25,116,93,89,102,61,12,94,27,2" hai2="36,16,74,96,50,64,43,51,106,75,117,78,20" hai3="99,120,37,87,118,41,126,47,63,83,72,77,123"/><T23/><D134/><U100/><E116/><V119/><F64/><W128/><G118/><N who="2" m="45065" /><F36/><W58/><G128/><T10/><D67/><U73/><E2/><V34/><F34/><W52/><G126/><T112/><D112/><U103/><E73/><N who="2" m="27659" /><F78/><W0/><G99/><T3/><D111/><U57/><E132/><V129/><F129/><W62/><G87/><T1/><D42/><U31/><E68/><V71/><F71/><W48/><G0/><T29/><D76/><U44/><E12/><N who="2" m="9223" /><F43/><W5/><REACH who="3" step="1"/><G5/><REACH who="3" ten="79,409,228,274" step="2"/><N who="0" m="3407" /><D1/><U7/><E103/><AGARI ba="0,1" hai="50,51,96,103,106" m="9223,27659,45065" machi="103" ten="30,2000,0" yaku="12,1,54,1" doraHai="40" who="2" fromWho="1" sc="79,0,409,-20,228,30,274,0" /><INIT seed="5,0,0,1,1,91" ten="79,389,258,274" oya="1" hai0="122,46,74,65,66,69,4,5,107,118,1,90,37" hai1="94,21,62,63,13,55,9,120,58,11,134,0,57" hai2="7,112,47,49,33,111,27,95,56,80,126,98,70" hai3="113,102,116,130,17,104,135,19,89,127,43,132,93"/><U117/><E120/><V44/><F111/><W73/><G43/><T40/><D118/><U2/><E117/><V85/><F70/><W60/><G60/><T83/><D122/><U108/><E108/><V81/><F126/><W48/><G48/><T110/><D4/><U34/><E34/><V12/><F112/><W18/><G116/><T131/><D110/><U15/><E21/><V36/><F36/><W75/><G113/><T25/><D131/><U24/><E134/><N who="3" m="51242" /><G127/><T38/><D38/><U99/><E24/><V22/><F33/><W41/><G41/><T42/><D42/><U103/><E2/><V3/><F3/><W72/><G130/><T30/><D107/><U86/><E86/><V52/><F7/><W50/><G50/><T115/><D115/><U64/><REACH who="1" step="1"/><E0/><REACH who="1" ten="79,379,258,274" step="2"/><V97/><F12/><AGARI ba="0,1" hai="9,11,12,13,15,55,57,58,62,63,64,94,99,103" machi="12" ten="40,12000,1" yaku="1,1,2,1,8,1,52,1,53,0" doraHai="91" doraHaiUra="67" who="1" fromWho="2" sc="79,0,379,130,258,-120,274,0" /><INIT seed="5,1,0,4,2,114" ten="79,509,138,274" oya="1" hai0="56,74,1,86,42,77,102,30,85,31,63,7,36" hai1="104,25,80,107,95,110,112,55,44,2,122,83,97" hai2="23,10,53,22,9,129,127,119,18,64,81,128,41" hai3="16,50,24,21,67,115,38,33,3,113,61,4,99"/><U35/><E122/><V135/><F41/><W49/><G38/><T132/><D132/><U103/><E2/><V58/><F135/><W52/><G33/><T76/><D102/><U6/><E6/><V40/><F40/><W68/><G99/><T79/><D74/><U84/><E112/><N who="3" m="43082" /><G50/><T90/><D1/><U82/><E110/><V118/><F64/><W12/><G3/><T108/><D108/><U8/><E8/><N who="2" m="3179" /><F81/><W71/><G4/><T48/><D7/><U39/><E39/><V120/><F120/><W19/><G19/><T91/><D36/><U62/><E44/><V13/><F127/><W57/><G12/><T60/><D42/><U27/><E84/><N who="0" m="32361" /><D48/><U87/><E87/><V28/><F53/><W117/><G117/><N who="2" m="44553" /><F58/><AGARI ba="1,0" hai="16,21,24,49,52,57,58,61,67,68,71" m="43082" machi="58" ten="30,3900,0" yaku="15,1,54,2" doraHai="114" who="3" fromWho="2" sc="79,0,509,0,138,-42,274,42" /><INIT seed="6,0,0,4,5,12" ten="79,509,96,316" oya="2" hai0="30,39,59,32,24,74,117,67,103,120,71,123,96" hai1="9,115,25,70,98,104,34,134,118,11,131,127,126" hai2="46,29,47,107,3,105,42,21,130,4,75,2,63" hai3="92,15,40,57,33,8,50,114,18,76,110,85,54"/><V19/><F130/><W129/><G110/><T0/><D59/><U64/><E118/><V14/><F75/><W84/><G129/><T125/><D125/><N who="1" m="47627" /><E131/><V78/><F78/><W41/><G114/><T94/><D117/><U27/><E134/><V124/><F124/><W93/><G33/><T73/><D39/><U99/><E115/><V53/><F29/><W6/><G6/><T89/><D0/><U108/><E108/><V16/><F4/><W81/><G85/><T122/><REACH who="0" step="1"/><D89/><REACH who="0" ten="69,509,96,316" step="2"/><U69/><E69/><V113/><F2/><W61/><G61/><AGARI ba="0,1" hai="24,30,32,61,67,71,73,74,94,96,103,120,122,123" machi="61" ten="40,2600,0" yaku="1,1,2,1,53,0" doraHai="12" doraHaiUra="17" who="0" fromWho="3" sc="69,36,509,0,96,0,316,-26" /><INIT seed="7,0,0,5,3,82" ten="105,509,96,290" oya="3" hai0="81,111,66,124,88,35,102,99,120,104,37,18,58" hai1="72,74,127,76,25,47,42,103,91,24,40,28,1" hai2="15,70,85,112,118,20,67,128,31,8,50,46,10" hai3="0,9,53,4,32,113,34,90,57,87,54,51,89"/><W80/><G113/><T101/><D111/><U106/><E1/><V21/><F118/><W79/><REACH who="3" step="1"/><G54/><REACH who="3" ten="105,509,96,280" step="2"/><T125/><D124/><U39/><E127/><V95/><F112/><W41/><G41/><T94/><D125/><U48/><E42/><N who="2" m="24919" /><F128/><W100/><G100/><T135/><D102/><U59/><E103/><V6/><F67/><W83/><G83/><T121/><D81/><U17/><E40/><V29/><F70/><W27/><G27/><T68/><D68/><U133/><E25/><V36/><F36/><W109/><G109/><T64/><D37/><U7/><E39/><V19/><F10/><W63/><G63/><T49/><D64/><U30/><E24/><N who="2" m="14367" /><F21/><W129/><G129/><T84/><D35/><AGARI ba="0,1" hai="0,4,9,32,34,35,51,53,57,79,80,87,89,90" machi="35" ten="40,3900,0" yaku="1,1,52,1,53,0" doraHai="82" doraHaiUra="134" who="3" fromWho="0" sc="105,-39,509,0,96,0,280,49" /><INIT seed="7,1,0,4,4,94" ten="66,509,96,329" oya="3" hai0="104,57,9,106,19,92,58,36,50,49,65,15,41" hai1="90,111,32,67,52,55,29,2,56,40,81,105,103" hai2="11,17,0,25,114,70,122,134,10,60,128,37,98" hai3="116,64,87,42,22,77,54,47,79,30,100,118,35"/><W71/><G35/><T88/><D104/><U120/><E120/><V44/><F122/><W83/><G100/><T12/><D106/><U132/><E111/><V53/><F114/><W78/><G54/><T62/><D36/><U91/><E2/><V45/><F134/><W5/><G5/><T119/><D119/><U84/><E132/><V72/><F72/><W85/><G85/><T39/><D39/><U46/><E67/><V130/><F98/><W16/><G30/><T4/><D41/><U89/><E55/><V97/><F97/><W7/><G7/><T82/><D82/><U117/><E117/><V34/><F0/><W108/><G108/><T129/><D58/><U102/><E105/><V107/><F107/><W74/><G74/><T61/><D61/><U113/><E113/><V95/><F95/><W68/><G118/><T133/><D133/><U66/><E66/><N who="2" m="41287" /><F37/><W23/><G116/><T48/><D129/><N who="2" m="49770" /><F53/><W13/><G23/><T80/><D80/><U126/><E29/><N who="2" m="19759" /><F17/><W18/><G18/><T6/><REACH who="0" step="1"/><D15/><REACH who="0" ten="56,509,96,329" step="2"/><U96/><E90/><V20/><F20/><W21/><G71/><T63/><D63/><U110/><E32/><V112/><F112/><W86/><G83/><T109/><D109/><U28/><E28/><V76/><F76/><W3/><G3/><T69/><D69/><U131/><E84/><AGARI ba="1,1" hai="4,6,9,12,19,48,49,50,57,62,65,84,88,92" machi="84" ten="40,5200,0" yaku="1,1,8,1,54,1,53,0" doraHai="94" doraHaiUra="135" who="0" fromWho="1" sc="56,65,509,-55,96,0,329,0" owari="121,-28.0,454,55.0,96,-40.0,329,13.0" /></mjloggm>