<mjloggm ver="2.3"><GO type="169" lobby="0"/><UN n0="%7A%65%52%6F" n1="%E6%9D%BE%E5%B1%8B%E3%81%8A%E3%81%98%E3%81%95%E3%82%93" n2="%E7%89%8C%E6%B5%81%E7%8A%B6%E6%85%8B%E9%BA%BB%E9%9B%80" n3="%E3%82%AB%E3%83%AB%E3%83%AD%E3%83%BB%E3%83%91%E3%83%94%E3%82%B3" dan="17,17,16,16" rate="2205.32,2180.00,2080.84,2083.32" sx="M,M,M,F"/><TAIKYOKU oya="0"/><INIT seed="0,0,0,0,5,23" ten="250,250,250,250" oya="0" hai0="48,110,36,58,61,14,124,40,37,29,107,3,35" hai1="111,4,79,67,122,102,89,91,56,49,123,9,73" hai2="87,97,94,66,19,17,115,74,131,63,13,80,15" hai3="44,130,129,106,109,121,84,68,1,95,71,41,2"/><T53/><D3/><U104/><E111/><V26/><F131/><N who="3" m="50187" /><G106/><T118/><D118/><U28/><E89/><V50/><F74/><W52/><G109/><T27/><D110/><U100/><E91/><V20/><F50/><N who="3" m="28743" /><G41/><T0/><D0/><N who="3" m="105" /><G121/><T57/><D107/><U76/><E104/><V99/><F115/><W93/><G84/><T5/><D124/><U132/><E73/><V75/><F75/><W78/><G78/><T128/><D128/><U77/><E77/><V113/><F113/><W135/><G135/><T70/><D70/><AGARI ba="0,0" hai="68,70,71,93,95" m="105,28743,50187" machi="70" ten="40,2600,0" yaku="19,1,54,1" doraHai="23" who="3" fromWho="0" sc="250,-26,250,0,250,0,250,26" /><INIT seed="1,0,0,2,3,83" ten="224,250,250,276" oya="1" hai0="104,94,112,3,22,45,96,78,69,11,36,82,23" hai1="100,76,42,52,123,38,21,33,135,54,32,79,115" hai2="87,125,66,90,121,103,47,102,70,1,110,27,65" hai3="51,50,34,61,126,74,116,93,55,6,15,92,91"/><U73/><E115/><V81/><F121/><W24/><G126/><T128/><D69/><U122/><E21/><V9/><F110/><W29/><G74/><T13/><D112/><U108/><E100/><V7/><F125/><W4/><G116/><T62/><D104/><U111/><E73/><V37/><F27/><W95/><G61/><T49/><D36/><U129/><E38/><V53/><F70/><W101/><G101/><T68/><D3/><U16/><E42/><V114/><F114/><W98/><G51/><T60/><D128/><U86/><E16/><V57/><F103/><W88/><G98/><T18/><D62/><U130/><REACH who="1" step="1"/><E86/><REACH who="1" ten="224,240,250,276" step="2"/><V118/><F102/><W0/><G34/><T10/><D96/><U8/><E8/><V127/><F127/><W19/><G19/><T107/><D11/><U25/><E25/><V59/><F9/><W20/><G24/><T105/><D23/><U132/><AGARI ba="0,1" hai="32,33,52,54,76,79,108,111,122,123,129,130,132,135" machi="132" ten="25,12000,1" yaku="1,1,0,1,22,2,54,1,53,0" doraHai="83" doraHaiUra="58" who="1" fromWho="1" sc="224,-40,240,130,250,-40,276,-40" /><INIT seed="1,1,0,2,1,122" ten="184,370,210,236" oya="1" hai0="25,10,104,6,90,121,48,64,4,118,57,134,60" hai1="112,123,130,52,101,114,91,21,74,113,119,98,72" hai2="129,116,63,54,73,126,14,80,66,124,61,0,94" hai3="79,31,19,76,71,42,27,55,34,95,2,8,135"/><U70/><E70/><V82/><F0/><W81/><G135/><T43/><D118/><U39/><E39/><V13/><F94/><W47/><G71/><T29/><D104/><N who="1" m="63543" /><E21/><V24/><F24/><W111/><G95/><T59/><D121/><U83/><E52/><V68/><F129/><W26/><G55/><T49/><D134/><U32/><E32/><V46/><F73/><N who="1" m="28265" /><E123/><V107/><F68/><W125/><G47/><T96/><D43/><U105/><E119/><V51/><F46/><W3/><G42/><T5/><D10/><U131/><E105/><V33/><F54/><W128/><G34/><T86/><D59/><U50/><E50/><V115/><F51/><W45/><G8/><T127/><D48/><U87/><AGARI ba="1,0" hai="83,87,91,112,113,114,130,131" m="28265,63543" machi="87" ten="40,3900,0" yaku="34,2" doraHai="122" who="1" fromWho="1" sc="184,-14,370,42,210,-14,236,-14" /><INIT seed="1,2,0,2,5,105" ten="170,412,196,222" oya="1" hai0="109,89,66,50,29,18,77,30,17,8,5,33,39" hai1="68,53,127,104,56,19,24,3,81,102,70,21,98" hai2="10,129,63,45,64,22,113,99,7,57,36,92,122" hai3="106,93,44,119,135,55,0,58,120,51,35,9,130"/><U72/><E3/><V134/><F134/><W116/><G106/><T43/><D66/><U41/><E41/><V46/><F129/><W85/><G35/><T83/><D89/><U34/><E34/><V97/><F122/><W87/><G120/><T49/><D109/><U69/><E127/><V54/><F113/><W132/><G130/><T86/><D39/><U47/><E47/><V59/><F22/><W121/><G121/><T28/><D33/><U76/><REACH who="1" step="1"/><E70/><REACH who="1" ten="170,402,196,222" step="2"/><V16/><F46/><W67/><G44/><T23/><D43/><U80/><E80/><V110/><F45/><W71/><G71/><T118/><D118/><U48/><AGARI ba="2,1" hai="19,21,24,48,53,56,68,69,72,76,81,98,102,104" machi="48" ten="20,7800,0" yaku="1,1,0,1,7,1,52,1,53,0" doraHai="105" doraHaiUra="117" who="1" fromWho="1" sc="170,-28,402,94,196,-28,222,-28" /><INIT seed="1,3,0,0,1,9" ten="142,496,168,194" oya="1" hai0="73,60,119,104,53,98,105,122,91,19,124,120,74" hai1="103,20,88,78,42,72,131,80,109,92,39,75,3" hai2="77,70,28,110,1,25,2,101,81,16,54,45,96" hai3="97,121,57,52,30,69,129,114,43,76,36,27,127"/><U4/><E131/><V49/><F110/><W107/><G121/><N who="0" m="46699" /><D53/><U23/><E75/><N who="0" m="28681" /><D60/><U134/><E134/><V95/><F70/><W7/><G114/><T51/><D51/><U112/><E103/><V133/><F133/><W111/><G111/><T118/><D19/><U31/><E112/><V32/><F81/><W116/><G129/><T29/><D29/><U108/><E23/><V6/><F77/><W47/><G127/><T94/><D124/><U59/><E59/><V102/><F102/><W48/><G69/><T50/><D50/><U58/><E58/><V41/><F6/><W13/><G116/><AGARI ba="3,0" hai="91,94,98,104,105,116,118,119" m="28681,46699" machi="116" ten="40,5200,0" yaku="13,1,34,2" doraHai="9" who="0" fromWho="3" sc="142,61,496,0,168,0,194,-61" /><INIT seed="2,0,0,1,5,24" ten="203,496,168,133" oya="2" hai0="47,104,53,52,107,120,58,37,55,50,0,119,102" hai1="38,27,109,51,98,123,73,88,106,75,46,133,95" hai2="54,32,13,118,122,5,21,90,60,7,110,121,99" hai3="41,105,40,70,125,112,3,1,26,71,23,59,78"/><V83/><F118/><W77/><G125/><T134/><D0/><U8/><E38/><V76/><F32/><W114/><G59/><T22/><D120/><U45/><E106/><V29/><F110/><W28/><G105/><T63/><D119/><U19/><E109/><V9/><F5/><W100/><G100/><T74/><D134/><U111/><E111/><V15/><F90/><W14/><G14/><T132/><D132/><U4/><E46/><V69/><F99/><W91/><G91/><T128/><D128/><U101/><E133/><V67/><F54/><W11/><G11/><T126/><D126/><U62/><E62/><V93/><F93/><W2/><G41/><T96/><D37/><U36/><E36/><V124/><F124/><W31/><G40/><T135/><D135/><U48/><E48/><V34/><F34/><W66/><G66/><T44/><D74/><U82/><E123/><V33/><F33/><W10/><G10/><T116/><D116/><U43/><E82/><V56/><F69/><N who="3" m="26123" /><G31/><T130/><D130/><U65/><E65/><V94/><F94/><W30/><G30/><T18/><D107/><U92/><E92/><V97/><F97/><W12/><G114/><T84/><D84/><U17/><E101/><V79/><F79/><W72/><G112/><T68/><D68/><U64/><E64/><V35/><F35/><N who="3" m="20887" /><G72/><T49/><D22/><N who="1" m="13775" /><E75/><N who="2" m="43423" /><F15/><W127/><G127/><T115/><REACH who="0" step="1"/><D18/><REACH who="0" ten="193,496,168,133" step="2"/><U108/><E19/><V57/><F122/><W80/><G3/><T16/><D16/><U20/><E108/><V86/><F121/><W61/><G2/><RYUUKYOKU ba="0,1" sc="193,30,496,-10,168,-10,133,-10" hai0="44,47,49,50,52,53,55,58,63,96,102,104,115" /><INIT seed="3,1,1,5,4,58" ten="223,486,158,123" oya="3" hai0="29,18,118,45,43,109,121,102,46,90,19,48,80" hai1="4,101,79,70,44,89,129,96,122,25,99,113,104" hai2="65,14,92,61,132,54,28,47,94,85,107,15,26" hai3="130,62,135,32,76,33,16,127,30,82,5,100,119"/><W35/><G119/><T64/><D121/><U7/><E113/><V88/><F132/><W13/><G135/><T95/><D109/><U115/><E115/><V71/><F107/><W63/><G130/><T34/><D118/><U98/><E122/><V83/><F94/><W111/><G111/><T87/><D64/><U23/><E70/><V9/><F92/><W31/><G127/><T11/><D34/><U38/><E79/><V124/><F124/><W106/><G5/><T77/><D29/><U41/><E129/><V39/><F9/><W69/><G100/><T86/><D11/><U51/><E38/><V52/><F39/><W20/><G106/><T68/><D68/><U134/><E134/><V27/><F27/><W6/><G6/><N who="1" m="2090" /><E104/><V133/><F133/><W17/><G17/><N who="0" m="6155" /><D46/><U42/><E42/><V0/><F0/><W93/><G93/><T103/><AGARI ba="1,1" hai="43,45,48,77,80,86,87,90,95,102,103" m="6155" machi="103" ten="30,1100,0" yaku="8,1" doraHai="58" who="0" fromWho="0" sc="223,24,486,-4,158,-4,123,-6" /><INIT seed="4,0,0,3,1,1" ten="247,482,154,117" oya="0" hai0="117,45,74,33,70,48,29,8,105,49,99,14,16" hai1="134,12,2,72,38,3,69,60,71,129,22,21,82" hai2="61,19,42,83,85,115,67,39,112,128,73,35,51" hai3="127,80,84,63,102,90,57,30,53,130,32,93,125"/><T18/><D117/><U26/><E38/><V64/><F73/><W135/><G135/><T113/><D70/><U9/><E134/><V37/><F35/><W4/><G130/><T15/><D74/><U94/><E94/><V95/><F95/><W132/><G132/><T27/><D113/><N who="2" m="43594" /><F19/><W79/><G102/><T55/><D49/><U86/><E22/><V54/><F85/><W120/><G120/><T0/><D0/><U56/><E3/><V109/><F83/><W20/><G32/><T97/><REACH who="0" step="1"/><D105/><REACH who="0" ten="237,482,154,117" step="2"/><U50/><E50/><V114/><F114/><W96/><G127/><T78/><D78/><U44/><E72/><V104/><F104/><W68/><G68/><T75/><D75/><U41/><E2/><V43/><F128/><W122/><G125/><T88/><D88/><U124/><E129/><V123/><F123/><W17/><G122/><T13/><D13/><U66/><E124/><V62/><F37/><W23/><G79/><T65/><D65/><N who="2" m="25162" /><F39/><W24/><G90/><T98/><D98/><U110/><E69/><V25/><F25/><W47/><G96/><T131/><D131/><U52/><E71/><V119/><F119/><W89/><G89/><T10/><AGARI ba="0,1" hai="8,10,14,15,16,18,27,29,33,45,48,55,97,99" machi="10" ten="20,12000,1" yaku="1,1,0,1,7,1,9,1,54,1,53,0" doraHai="1" doraHaiUra="103" who="0" fromWho="0" sc="237,130,482,-40,154,-40,117,-40" /><INIT seed="4,1,0,3,0,18" ten="367,442,114,77" oya="0" hai0="132,107,73,80,109,113,96,70,104,61,31,42,72" hai1="27,64,90,125,35,94,123,12,91,85,126,3,74" hai2="56,116,50,29,51,6,92,119,46,11,115,60,0" hai3="44,32,129,103,15,99,127,101,77,102,75,79,100"/><T2/><D2/><U76/><E3/><V98/><F115/><W133/><G32/><T57/><D70/><U33/><E123/><V24/><F119/><W37/><G37/><T34/><D42/><U106/><E106/><V59/><F116/><W111/><G44/><T30/><D113/><U47/><E64/><V134/><F134/><W81/><G15/><T86/><D132/><U58/><E58/><V7/><F7/><W4/><G4/><T55/><D109/><U14/><E76/><V23/><F56/><W48/><G48/><T112/><D112/><U66/><E74/><V105/><F105/><N who="3" m="63647" /><G133/><T36/><D36/><U13/><E90/><V110/><F46/><W49/><G49/><T65/><D55/><U95/><E95/><V71/><F71/><W26/><G26/><T120/><D120/><U67/><E35/><V108/><F108/><W43/><G43/><T78/><D104/><U28/><E47/><V45/><F45/><W19/><G19/><T38/><D38/><U89/><E89/><V88/><REACH who="2" step="1"/><F110/><REACH who="2" ten="367,442,104,77" step="2"/><W54/><G111/><T84/><D107/><U135/><E135/><V87/><F87/><N who="3" m="48559" /><G54/><AGARI ba="1,1" hai="0,6,11,23,24,29,50,51,54,59,60,88,92,98" machi="54" ten="30,8000,1" yaku="1,1,7,1,52,1,54,1,53,1" doraHai="18" doraHaiUra="20" who="2" fromWho="3" sc="367,0,442,0,104,93,77,-83" owari="367,17.0,442,54.0,197,-20.0,-6,-51.0" /></mjloggm>