<mjloggm ver="2.3"><GO type="169" lobby="0"/><UN n0="%E6%B5%81%E3%82%8C%EF%BC%9F%53%4F%41" n1="%74%2E%6F%2E%6F%2E%73" n2="%E3%81%86%E3%81%AA%E3%81%8E%E9%BA%BA" n3="%E6%9C%94%E7%8A%AC" dan="16,16,16,17" rate="2096.91,2163.24,2097.07,2180.13" sx="M,M,M,M"/><TAIKYOKU oya="0"/><INIT seed="0,0,0,3,3,51" ten="250,250,250,250" oya="0" hai0="19,30,93,27,3,107,81,20,23,75,68,8,4" hai1="33,32,77,79,11,80,98,82,83,55,39,24,16" hai2="21,17,114,46,64,125,102,14,41,0,28,61,71" hai3="52,44,120,9,66,126,131,116,69,50,99,90,18"/><T118/><D107/><U26/><E39/><V35/><F114/><W60/><G116/><T96/><D118/><U122/><E122/><V100/><F125/><W47/><G126/><T29/><D68/><U94/><E33/><V45/><F0/><W117/><G117/><T25/><D81/><U13/><E32/><V67/><F67/><W106/><G120/><T113/><D75/><U36/><E36/><V42/><F35/><W72/><G72/><T58/><D58/><U121/><E121/><V70/><F28/><W103/><G131/><T2/><D113/><U112/><E112/><V119/><F70/><W5/><G90/><T132/><D132/><U74/><E55/><V37/><REACH who="2" step="1"/><F119/><REACH who="2" ten="250,250,240,250" step="2"/><W59/><G18/><T105/><D105/><U40/><E74/><V49/><AGARI ba="0,1" hai="14,17,21,37,41,42,45,46,49,61,64,71,100,102" machi="49" ten="20,5200,0" yaku="1,1,2,1,0,1,7,1,53,0" doraHai="51" doraHaiUra="76" who="2" fromWho="2" sc="250,-26,250,-13,240,62,250,-13" /><INIT seed="1,0,0,5,3,120" ten="224,237,302,237" oya="1" hai0="123,22,30,102,65,96,119,94,82,39,105,84,103" hai1="87,0,72,38,51,61,35,58,7,128,122,19,127" hai2="83,40,114,15,17,135,85,54,67,50,60,71,70" hai3="57,29,88,112,124,11,104,80,18,115,91,131,78"/><U86/><E122/><V76/><F135/><W21/><G104/><T33/><D123/><U99/><E38/><V98/><F114/><W31/><G131/><T116/><D39/><U92/><E72/><V118/><F40/><W89/><G124/><T6/><D6/><U55/><E128/><V66/><F118/><W48/><G11/><T25/><D33/><U111/><E35/><V36/><F36/><W130/><G130/><T27/><D27/><U5/><E127/><V13/><F98/><W41/><G115/><T34/><D34/><U97/><E97/><V81/><F67/><W125/><G112/><T4/><D102/><U63/><E63/><V77/><F71/><W24/><G125/><T37/><D37/><U101/><E19/><V47/><REACH who="2" step="1"/><F17/><REACH who="2" ten="224,237,292,237" step="2"/><W132/><G132/><T107/><D65/><U108/><E61/><V9/><F9/><W134/><G134/><T75/><D4/><N who="1" m="1611" /><E0/><V23/><F23/><W90/><G41/><T117/><REACH who="0" step="1"/><D75/><AGARI ba="0,1" hai="13,15,47,50,54,60,66,70,75,76,77,81,83,85" machi="75" ten="30,2000,0" yaku="1,1,7,1,53,0" doraHai="120" doraHaiUra="69" who="2" fromWho="0" sc="224,-20,237,0,292,30,237,0" /><INIT seed="2,0,0,3,1,5" ten="204,237,322,237" oya="2" hai0="105,91,58,95,15,73,88,65,41,10,28,78,79" hai1="60,122,130,71,121,125,3,63,34,112,97,129,107" hai2="69,76,35,114,118,36,53,104,86,52,25,127,102" hai3="133,123,113,67,27,39,81,103,70,17,101,8,59"/><V4/><F114/><W66/><G123/><N who="1" m="47114" /><E112/><V119/><F36/><W51/><G70/><T1/><D105/><U7/><E34/><V117/><F69/><W109/><G39/><T135/><D1/><U126/><E97/><V49/><F127/><N who="1" m="48649" /><E107/><V47/><F53/><W40/><G67/><T32/><D41/><U22/><E22/><V92/><F104/><W20/><G66/><T0/><D0/><U90/><E90/><V56/><F76/><W48/><G103/><T62/><D73/><U11/><E71/><V18/><F4/><W21/><G21/><T106/><D106/><U29/><E29/><V80/><F47/><W46/><G101/><T44/><D44/><U37/><E37/><V12/><F35/><W108/><G113/><T75/><D75/><U124/><N who="1" m="48657" /><U89/><DORA hai="31" /><E89/><V26/><F102/><W93/><G46/><T74/><D74/><U9/><E9/><V68/><F68/><W98/><G8/><T64/><D91/><U38/><E38/><V120/><F120/><W14/><G98/><N who="0" m="57703" /><D28/><U100/><E100/><V2/><F2/><W6/><G109/><T19/><D32/><U134/><E134/><V23/><REACH who="2" step="1"/><F92/><REACH who="2" ten="204,237,312,237" step="2"/><W13/><G93/><T33/><D33/><U94/><E94/><V45/><F45/><W55/><G40/><T99/><D135/><U111/><E111/><V110/><F110/><W83/><G108/><T87/><D99/><U43/><E43/><V131/><F131/><AGARI ba="0,1" hai="3,7,11,60,63,129,130,131" m="48657,47114" machi="131" ten="50,8000,1" yaku="19,1,13,1,18,1,52,1" doraHai="5,31" who="1" fromWho="2" sc="204,0,237,90,312,-80,237,0" /><INIT seed="3,0,0,1,5,96" ten="204,327,232,237" oya="3" hai0="81,118,95,75,99,17,94,87,6,19,14,56,5" hai1="98,134,40,30,101,4,126,116,53,23,7,85,123" hai2="31,45,54,44,125,107,115,50,60,12,80,63,109" hai3="28,79,130,15,27,93,74,73,67,33,120,121,62"/><W9/><G130/><T112/><D118/><U100/><E123/><V26/><F115/><W61/><G61/><T124/><D124/><U55/><E40/><V69/><F125/><W70/><G74/><T10/><D75/><U108/><E126/><V65/><F109/><W13/><G13/><T66/><D112/><U88/><E108/><V57/><F107/><W72/><G72/><T52/><D66/><U38/><E38/><V90/><F12/><W64/><G64/><T1/><D17/><U91/><E134/><V82/><F90/><N who="1" m="34345" /><E85/><V36/><F45/><W24/><G24/><T39/><D39/><U59/><E98/><V47/><F47/><W58/><G70/><T113/><D113/><U103/><E116/><V84/><F84/><W111/><G111/><T20/><D5/><N who="1" m="2123" /><E59/><V48/><F48/><W25/><G93/><T22/><D99/><U0/><E0/><V3/><F3/><W37/><G37/><T16/><D19/><U106/><E106/><V43/><REACH who="2" step="1"/><F63/><REACH who="2" ten="204,327,222,237" step="2"/><W8/><G120/><T104/><D104/><U89/><E89/><V122/><F122/><W78/><G121/><T42/><D87/><U21/><E30/><V71/><F71/><W29/><G73/><T135/><D135/><U41/><E41/><V34/><AGARI ba="0,1" hai="26,31,34,36,43,44,50,54,57,60,65,69,80,82" machi="34" ten="20,8000,1" yaku="1,1,0,1,7,1,24,2,53,0" doraHai="96" doraHaiUra="102" who="2" fromWho="2" sc="204,-20,327,-20,222,90,237,-40" /><INIT seed="4,0,0,3,4,128" ten="184,307,312,197" oya="0" hai0="60,62,130,19,101,78,131,40,66,127,126,97,16" hai1="67,70,102,35,51,86,36,34,83,121,24,61,119" hai2="0,115,96,29,76,3,53,124,93,12,99,98,118" hai3="15,63,105,80,75,116,54,109,132,31,13,89,21"/><T37/><D78/><U38/><E119/><V9/><F115/><W125/><G116/><T18/><D40/><U11/><E121/><V74/><F124/><N who="0" m="47658" /><D37/><U48/><E102/><V85/><F74/><W44/><G125/><T103/><D103/><U42/><E11/><V28/><F118/><W84/><G109/><T56/><D62/><U79/><E51/><V107/><F107/><AGARI ba="0,0" hai="16,18,19,56,60,66,97,101,107,130,131" m="47658" machi="107" ten="30,2900,0" yaku="18,1,54,1" doraHai="128" who="0" fromWho="2" sc="184,29,307,0,312,-29,197,0" /><INIT seed="4,1,0,1,4,116" ten="213,307,283,197" oya="0" hai0="95,34,32,5,112,91,135,55,86,133,94,9,18" hai1="63,96,35,26,60,0,61,130,76,50,12,93,57" hai2="101,65,59,14,124,117,19,17,71,8,103,31,77" hai3="16,36,10,121,111,66,21,53,99,119,30,114,22"/><T46/><D112/><U64/><E0/><V74/><F117/><W78/><G111/><T126/><D126/><U51/><E130/><V90/><F124/><W49/><G119/><T41/><D55/><U48/><E76/><V127/><F127/><W1/><G36/><T132/><D18/><U58/><E12/><V20/><F31/><W28/><G114/><T27/><D94/><U100/><E35/><V6/><F71/><W104/><G66/><T75/><D75/><U38/><E38/><V123/><F19/><W37/><G37/><T82/><D95/><U13/><E26/><V105/><F123/><W73/><G121/><T120/><D27/><U88/><E13/><V69/><F69/><W56/><G78/><T85/><D85/><U98/><REACH who="1" step="1"/><E64/><REACH who="1" ten="213,297,283,197" step="2"/><V29/><F77/><W25/><G73/><T40/><D120/><U80/><E80/><V3/><F74/><W81/><G81/><T72/><D72/><U113/><E113/><V128/><F128/><W44/><G1/><N who="0" m="175" /><D40/><U97/><E97/><V92/><F65/><W45/><G99/><T2/><D2/><U52/><E52/><V109/><F3/><W42/><G42/><T129/><D129/><U33/><E33/><V115/><F14/><W107/><G10/><T106/><D106/><AGARI ba="1,1" hai="48,50,51,57,58,60,61,63,88,93,96,98,100,106" machi="106" ten="40,5200,0" yaku="1,1,54,1,53,1" doraHai="116" doraHaiUra="102" who="1" fromWho="0" sc="213,-55,297,65,283,0,197,0" /><INIT seed="5,0,0,4,3,73" ten="158,362,283,197" oya="1" hai0="88,30,99,129,10,93,37,32,53,98,105,58,60" hai1="131,95,126,78,132,69,91,106,13,44,133,35,22" hai2="108,17,65,127,0,115,130,135,83,31,2,49,57" hai3="68,39,33,74,18,80,96,1,34,87,11,86,117"/><U29/><E106/><V28/><F108/><W82/><G68/><T14/><D37/><U116/><E116/><V92/><F92/><W25/><G74/><T81/><D129/><U3/><E3/><V118/><F65/><W54/><G117/><T114/><D114/><U110/><E69/><V4/><F57/><W59/><G39/><T15/><D81/><U24/><E44/><V102/><F49/><W75/><G75/><T128/><D128/><U101/><E101/><V104/><F83/><W90/><G96/><T111/><D111/><U8/><E35/><V51/><F51/><W79/><G1/><T56/><D32/><U43/><E43/><V72/><F102/><W23/><REACH who="3" step="1"/><G11/><REACH who="3" ten="158,362,283,187" step="2"/><T63/><D30/><U103/><E29/><V45/><F72/><W36/><G36/><T67/><REACH who="0" step="1"/><D10/><REACH who="0" ten="148,362,283,187" step="2"/><U85/><E8/><V7/><F31/><W66/><G66/><T109/><D109/><U122/><E110/><V46/><F28/><W64/><G64/><T77/><D77/><U9/><E9/><V121/><F118/><W113/><G113/><T119/><D119/><U42/><E78/><V134/><F115/><W97/><G97/><T48/><D48/><AGARI ba="0,2" hai="18,23,25,33,34,48,54,59,79,80,82,86,87,90" machi="48" ten="30,3900,0" yaku="1,1,7,1,52,1,53,0" doraHai="73" doraHaiUra="40" who="3" fromWho="0" sc="148,-39,362,0,283,0,187,59" /><INIT seed="6,0,0,2,5,53" ten="109,362,283,246" oya="2" hai0="96,32,69,84,14,19,101,127,122,11,77,133,47" hai1="106,42,130,17,2,72,59,49,95,7,65,4,116" hai2="37,132,135,34,80,56,97,75,121,9,1,24,5" hai3="82,41,117,43,16,38,92,52,61,125,60,120,111"/><V25/><F121/><W57/><G120/><T119/><D122/><U62/><E116/><V76/><F37/><W23/><G117/><T100/><D119/><U55/><E106/><V15/><F97/><W66/><G111/><T51/><D69/><U6/><E72/><V134/><F34/><W93/><G125/><T30/><D127/><U20/><E130/><V12/><F1/><W68/><G82/><T3/><D3/><U73/><E73/><V45/><F45/><W21/><G21/><T123/><D123/><U126/><E126/><V102/><F102/><W83/><G83/><T112/><D112/><U114/><E114/><V79/><F79/><W91/><G38/><T107/><D100/><U29/><E42/><V46/><F46/><W85/><G93/><T90/><D77/><U58/><E29/><V88/><F88/><W128/><G128/><T104/><D104/><U78/><E78/><V31/><F31/><W50/><G61/><T124/><D124/><U109/><E109/><V48/><F15/><AGARI ba="0,0" hai="15,16,23,41,43,50,52,57,60,66,68,85,91,92" machi="15" ten="30,12000,2" yaku="7,1,25,2,52,1,54,2" doraHai="53" who="3" fromWho="2" sc="109,0,362,0,283,-120,246,120" /><INIT seed="7,0,0,0,2,66" ten="109,362,163,366" oya="3" hai0="51,62,8,56,67,106,70,22,120,98,4,78,38" hai1="76,119,25,102,6,128,23,45,41,114,99,63,15" hai2="82,42,53,69,3,115,91,96,27,101,36,58,60" hai3="64,135,13,47,29,110,44,80,113,77,14,9,54"/><W73/><G113/><T18/><D120/><U49/><E114/><V100/><F3/><W68/><G29/><T85/><D38/><U125/><E128/><V61/><F115/><W94/><G135/><T116/><D116/><U92/><E125/><V79/><F36/><W32/><G32/><T71/><D51/><U126/><E126/><V124/><F42/><W81/><G110/><T109/><D109/><U33/><E119/><V89/><F101/><W83/><G14/><T107/><D78/><U103/><E33/><V112/><F112/><W31/><G31/><T2/><D85/><U1/><E1/><V130/><F124/><W72/><G68/><T84/><D84/><U105/><E76/><V40/><F40/><W129/><G64/><T133/><D133/><U121/><E121/><V117/><F117/><W30/><G30/><T50/><D50/><U59/><E105/><V57/><F69/><W46/><G129/><T35/><D35/><U28/><E103/><V93/><F27/><W87/><G73/><T11/><D11/><N who="1" m="4599" /><E59/><V24/><F24/><W21/><G21/><T26/><REACH who="0" step="1"/><D106/><REACH who="0" ten="99,362,163,366" step="2"/><U7/><E63/><V39/><F39/><W65/><G72/><T43/><D43/><U74/><E74/><V122/><F122/><W90/><G77/><T34/><D34/><U52/><E41/><V37/><F37/><W20/><G9/><T108/><D108/><U55/><E7/><V97/><F130/><W132/><G132/><T19/><D19/><U127/><E127/><V86/><F97/><W131/><G131/><T95/><D95/><U48/><E48/><RYUUKYOKU ba="0,1" sc="99,10,362,10,163,10,366,-30" hai0="2,4,8,18,22,26,56,62,67,70,71,98,107" hai1="23,25,28,45,49,52,55,92,99,102" hai2="53,57,58,60,61,79,82,86,89,91,93,96,100" owari="109,-39.0,382,48.0,173,-23.0,336,14.0" /></mjloggm>