<mjloggm ver="2.3"><GO type="169" lobby="0"/><UN n0="%62%69%67%6D%6F%75%74%68" n1="%69%50%68%6F%6E%65%31" n2="%E4%BF%BA%E3%82%AF%E3%83%A9%E3%82%B9%E3%81%AF%E3%83%80%E3%83%9E%EF%BC%81" n3="%E3%83%A8%E3%82%B7%E3%83%AF" dan="17,16,16,16" rate="2187.87,2114.53,2101.45,2114.89" sx="M,M,M,M"/><TAIKYOKU oya="0"/><INIT seed="0,0,0,4,1,62" ten="250,250,250,250" oya="0" hai0="12,42,110,25,66,14,41,120,132,122,72,46,126" hai1="61,9,80,45,102,99,127,16,103,29,114,5,84" hai2="37,86,69,27,130,40,115,91,123,11,13,101,7" hai3="117,33,98,22,44,71,70,31,43,64,85,20,36"/><T88/><D72/><U65/><E127/><V57/><F69/><W107/><G117/><T124/><D132/><U56/><E114/><V49/><F123/><W81/><G71/><T92/><D110/><U3/><E29/><V68/><F68/><W28/><G28/><T67/><D25/><U128/><E128/><V53/><F130/><W97/><G97/><T0/><D0/><U48/><E99/><V32/><F101/><N who="3" m="62903" /><G85/><T78/><D78/><U4/><E4/><V18/><F115/><W52/><G52/><T83/><D83/><U30/><E30/><V131/><F131/><W90/><G90/><T118/><D118/><U104/><E16/><V87/><F32/><W26/><G81/><T105/><D105/><U135/><E104/><V21/><F37/><W76/><G76/><T19/><D46/><U63/><E63/><AGARI ba="0,0" hai="20,22,26,31,33,36,43,44,63,64,70" m="62903" machi="63" ten="30,2000,0" yaku="25,1,52,1" doraHai="62" who="3" fromWho="1" sc="250,0,250,-20,250,0,250,20" /><INIT seed="1,0,0,0,5,10" ten="250,230,250,270" oya="1" hai0="134,17,60,5,23,77,103,30,37,64,69,15,122" hai1="36,41,130,107,88,0,81,102,42,55,12,14,29" hai2="120,99,115,89,13,50,106,83,63,90,75,18,11" hai3="26,133,95,9,3,82,46,4,20,100,96,70,92"/><U59/><E0/><V127/><F120/><W86/><G133/><T53/><D37/><U1/><E1/><V87/><F127/><W124/><G70/><T58/><D122/><U125/><E125/><V108/><F108/><W71/><G71/><T68/><D134/><U19/><E130/><V104/><F75/><W45/><G95/><T47/><D77/><U76/><E29/><V65/><F115/><W31/><REACH who="3" step="1"/><G124/><REACH who="3" ten="250,230,250,260" step="2"/><T80/><D69/><U61/><E107/><V34/><F106/><W78/><AGARI ba="0,1" hai="3,4,9,20,26,31,45,46,78,82,86,92,96,100" machi="78" ten="20,5200,0" yaku="1,1,2,1,0,1,7,1,53,0" doraHai="10" doraHaiUra="85" who="3" fromWho="3" sc="250,-13,230,-26,250,-13,260,62" /><INIT seed="2,0,0,1,5,9" ten="237,204,237,322" oya="2" hai0="131,119,78,59,21,56,113,82,83,76,134,91,20" hai1="77,99,3,94,28,84,27,62,114,32,112,102,124" hai2="23,121,36,92,111,93,31,125,16,22,10,128,65" hai3="15,126,71,79,127,12,2,98,44,58,116,39,81"/><V106/><F121/><W63/><G2/><T18/><D113/><U53/><E124/><N who="3" m="47658" /><G71/><T54/><D134/><U103/><E3/><V75/><F125/><W120/><G98/><T88/><D18/><U74/><E103/><V118/><F118/><W50/><G39/><T6/><D6/><U35/><E35/><V69/><F36/><W33/><G33/><T133/><D133/><U85/><E85/><V97/><F75/><N who="3" m="43263" /><G120/><T45/><D45/><U72/><E72/><V70/><F128/><W49/><G116/><T61/><D119/><U86/><E86/><V37/><F37/><W73/><G73/><T110/><D131/><U117/><E117/><V43/><F106/><W68/><G68/><T104/><D104/><U64/><E53/><V132/><F132/><W109/><G109/><T1/><D1/><U42/><E42/><V5/><F43/><N who="3" m="24735" /><G50/><T4/><D110/><U66/><E74/><V40/><F40/><W19/><G19/><T24/><D4/><U34/><E34/><V26/><F111/><W41/><G41/><T122/><D122/><U8/><E114/><V47/><F47/><W129/><G129/><T51/><D51/><U7/><E112/><V123/><F123/><W135/><G135/><T130/><D130/><U46/><E46/><V0/><F65/><AGARI ba="0,0" hai="12,15,58,63,65" m="24735,43263,47658" machi="65" ten="30,3900,0" yaku="18,1,52,2" doraHai="9" who="3" fromWho="2" sc="237,0,204,0,237,-39,322,39" /><INIT seed="3,0,0,5,3,5" ten="237,204,198,361" oya="3" hai0="18,62,132,125,25,119,135,79,110,41,9,36,58" hai1="14,24,127,74,72,109,38,118,82,96,120,57,77" hai2="117,6,116,39,73,34,129,98,124,48,107,88,78" hai3="51,66,61,43,60,123,13,16,23,75,21,115,12"/><W97/><G115/><T11/><D119/><U69/><E69/><V128/><F39/><W19/><G75/><T126/><D110/><U29/><E109/><V46/><F34/><W8/><G123/><T31/><D79/><U55/><E127/><N who="0" m="48649" /><D41/><U53/><E38/><V84/><F124/><W17/><G97/><T134/><D18/><U99/><E72/><V111/><F6/><W90/><G90/><T114/><D36/><U42/><E42/><V87/><F48/><W85/><G85/><T56/><D114/><U105/><E105/><V35/><F46/><N who="3" m="26079" /><G66/><N who="0" m="39239" /><D58/><U2/><E57/><V108/><F35/><AGARI ba="0,0" hai="9,11,25,31,35,132,134,135" m="39239,48649" machi="35" ten="40,8000,1" yaku="20,1,18,1,52,2" doraHai="5" who="0" fromWho="2" sc="237,80,204,0,198,-80,361,0" /><INIT seed="4,0,0,5,1,114" ten="317,204,118,361" oya="0" hai0="28,84,39,57,79,60,128,73,34,90,26,110,4" hai1="108,76,38,101,93,125,29,51,100,127,68,44,111" hai2="117,3,23,83,115,106,50,126,40,118,120,15,89" hai3="5,98,107,47,53,81,119,62,122,18,43,131,25"/><T33/><D39/><U64/><E76/><V82/><F3/><W99/><G5/><T78/><D128/><U58/><E29/><V113/><F40/><W88/><G131/><T102/><D110/><N who="1" m="42027" /><E93/><V63/><F63/><W66/><G107/><T21/><D4/><U0/><E0/><V132/><F50/><N who="3" m="28895" /><G43/><T7/><D102/><U14/><E14/><V97/><F23/><N who="3" m="13559" /><G119/><N who="2" m="45577" /><F15/><W87/><G122/><T123/><D123/><U92/><E38/><V133/><F120/><W16/><G66/><T13/><D73/><U48/><E51/><V2/><F2/><W37/><G62/><T52/><D34/><U124/><E68/><V80/><F126/><W94/><G37/><T104/><D104/><U65/><E58/><V69/><F69/><W35/><G35/><T59/><D59/><U17/><E48/><V70/><F70/><W45/><G45/><T116/><D116/><U86/><E44/><V105/><F89/><N who="3" m="51439" /><G16/><N who="0" m="12583" /><D33/><U9/><E17/><V19/><F19/><W24/><G24/><T46/><D46/><U77/><E127/><V6/><F6/><W95/><G88/><T22/><D7/><U20/><E125/><V91/><F106/><W49/><G49/><T130/><D130/><U121/><E124/><V75/><F75/><W42/><G42/><T112/><D13/><U56/><E121/><V8/><F8/><W134/><G99/><T109/><D109/><U55/><E9/><V10/><F10/><W32/><G98/><T30/><D60/><N who="1" m="35871" /><E20/><V27/><F27/><W72/><G32/><T71/><D71/><U41/><E41/><V135/><F105/><RYUUKYOKU ba="0,0" sc="317,-10,204,-10,118,30,361,-10" hai2="80,82,83,91,97,113,115,132,133,135" /><INIT seed="5,1,0,4,3,6" ten="307,194,148,351" oya="1" hai0="16,88,101,112,126,78,92,123,19,122,121,8,98" hai1="57,125,40,53,114,119,65,63,59,22,21,18,39" hai2="108,61,94,102,5,91,25,28,77,50,74,7,120" hai3="33,38,80,62,27,76,127,82,1,41,73,70,96"/><U107/><E114/><V48/><F108/><W32/><G82/><T12/><D112/><U71/><E125/><V37/><F120/><W117/><G127/><T116/><D126/><U46/><E119/><V13/><F37/><W87/><G27/><T100/><D116/><U3/><E107/><V83/><F102/><W86/><G86/><T51/><D78/><U113/><E113/><V79/><F61/><W105/><G87/><T36/><D36/><U90/><E3/><V64/><F64/><N who="3" m="41239" /><G1/><T4/><D51/><U67/><E59/><V69/><F69/><W103/><G117/><T29/><D29/><U23/><E90/><V131/><F77/><W75/><G75/><T128/><D128/><U26/><REACH who="1" step="1"/><E67/><REACH who="1" ten="307,184,148,351" step="2"/><V133/><F131/><W111/><G111/><T89/><D89/><U44/><E44/><AGARI ba="1,1" hai="32,33,38,41,44,73,76,80,96,103,105" m="41239" machi="44" ten="30,2000,0" yaku="33,2" doraHai="6" who="3" fromWho="1" sc="307,0,184,-23,148,0,351,33" /><INIT seed="6,0,0,5,3,25" ten="307,161,148,384" oya="2" hai0="6,49,76,37,88,48,72,51,89,129,73,68,79" hai1="45,38,107,82,62,56,46,66,63,98,132,103,60" hai2="71,58,13,114,127,2,94,135,99,28,87,50,70" hai3="91,81,122,83,22,47,57,18,24,31,121,119,130"/><V61/><F2/><W35/><G119/><T5/><D37/><U108/><E108/><V4/><F114/><W44/><G130/><T86/><D68/><U74/><E132/><V40/><F135/><W110/><G110/><T30/><D86/><U97/><E97/><V41/><F127/><W52/><G121/><T29/><REACH who="0" step="1"/><D51/><REACH who="0" ten="297,161,148,384" step="2"/><U116/><E116/><V65/><F71/><W133/><G133/><T115/><D115/><U36/><E38/><V84/><F70/><W67/><G122/><T23/><D23/><U106/><E36/><V85/><F50/><W123/><G123/><T8/><D8/><U120/><E120/><V16/><F4/><W42/><G35/><T33/><D33/><U75/><E75/><V69/><F69/><W17/><G22/><T101/><D101/><U3/><E103/><N who="2" m="60919" /><F28/><W39/><G31/><T96/><D96/><U20/><E98/><V12/><F12/><W0/><G39/><T131/><AGARI ba="0,1" hai="5,6,29,30,48,49,72,73,76,79,88,89,129,131" machi="131" ten="25,16000,3" yaku="1,1,0,1,22,2,52,2,54,1,53,2" doraHai="25" doraHaiUra="104" who="0" fromWho="0" sc="297,170,161,-40,148,-80,384,-40" /><INIT seed="7,0,0,3,3,103" ten="467,121,68,344" oya="3" hai0="131,85,70,12,47,21,92,126,97,101,82,134,26" hai1="49,90,36,100,125,11,30,99,65,31,59,35,121" hai2="2,9,89,104,73,63,116,27,68,71,102,4,118" hai3="129,67,23,6,109,96,62,56,98,57,110,34,84"/><W13/><G129/><T42/><D70/><U127/><E36/><V95/><F27/><W91/><G34/><T24/><D134/><U64/><E90/><V50/><F50/><W3/><G3/><T54/><D126/><N who="1" m="48139" /><E11/><V15/><F15/><W74/><G74/><T111/><D54/><N who="1" m="32207" /><E121/><V1/><F1/><W79/><G79/><T124/><D12/><U105/><E35/><V18/><F18/><N who="3" m="10703" /><G56/><T58/><D58/><U112/><E112/><V115/><F89/><W76/><G76/><T40/><D92/><U120/><E120/><V25/><F95/><N who="3" m="54759" /><G6/><T86/><D131/><U45/><E45/><V39/><F39/><W60/><G60/><T52/><D47/><U48/><E48/><V135/><F115/><W108/><AGARI ba="0,0" hai="57,62,67,96,98,108,109,110" m="54759,10703" machi="108" ten="30,1500,0" yaku="10,1" doraHai="103" who="3" fromWho="3" sc="467,-5,121,-5,68,-5,344,15" /><INIT seed="7,1,0,5,0,13" ten="462,116,63,359" oya="3" hai0="98,88,27,86,56,133,22,4,73,37,114,64,47" hai1="2,25,81,61,95,93,14,57,99,109,104,9,67" hai2="79,29,65,12,127,80,77,74,24,94,26,125,51" hai3="45,122,0,76,39,18,40,52,102,19,135,66,92"/><W132/><G0/><T83/><D133/><N who="3" m="51273" /><G122/><T105/><D114/><U72/><E109/><V107/><F107/><W5/><G5/><T34/><D34/><U113/><E113/><V6/><F79/><W16/><G76/><T32/><D32/><U103/><E72/><V68/><F68/><W44/><G66/><T84/><D73/><U71/><E81/><V78/><F65/><W70/><G70/><T1/><D86/><U108/><E108/><V53/><F77/><W35/><G35/><T42/><D4/><U117/><E117/><V115/><F115/><W106/><G106/><T87/><D1/><U89/><E2/><V120/><F120/><W126/><G126/><T8/><D8/><U20/><E89/><V15/><F94/><W134/><N who="3" m="51281" /><W91/><DORA hai="90" /><G102/><T60/><D87/><U21/><E21/><V31/><F26/><W101/><G101/><T46/><D105/><U10/><E10/><V54/><F31/><W17/><N who="3" m="4096" /><DORA hai="30" /><W50/><G91/><T49/><D27/><U129/><E71/><V111/><F111/><W96/><G92/><T63/><D22/><U62/><E93/><V100/><F100/><W123/><G123/><T28/><D88/><U128/><E104/><V75/><F75/><W23/><G96/><T116/><D28/><U48/><E20/><AGARI ba="1,0" hai="20,23,39,40,44,45,50,52" m="4096,51281" machi="20" ten="60,18000,2" yaku="20,1,52,4,54,2" doraHai="13,90,30" who="3" fromWho="1" sc="462,0,116,-183,63,0,359,183" owari="462,26.0,-67,-57.0,63,-34.0,542,65.0" /></mjloggm>