<mjloggm ver="2.3"><GO type="169" lobby="0"/><UN n0="%E3%82%B9%E3%82%AB%E3%83%9D%E3%83%B3" n1="%6B%6F%62%6F%7A%32" n2="%6C%61%7A%31" n3="%41%6D%61%79%62%65" dan="17,17,16,16" rate="2133.03,2237.83,2082.14,2089.87" sx="M,M,F,M"/><TAIKYOKU oya="0"/><INIT seed="0,0,0,1,1,79" ten="250,250,250,250" oya="0" hai0="38,70,23,133,105,78,37,59,109,123,120,3,31" hai1="22,86,72,42,103,21,73,62,48,13,36,41,6" hai2="111,119,94,61,44,57,76,66,43,7,20,25,81" hai3="117,24,75,26,83,129,82,108,49,116,115,107,124"/><T60/><D133/><U47/><E103/><V104/><F104/><W40/><G115/><T127/><D127/><U89/><E72/><V69/><F119/><W68/><G68/><T1/><D70/><U112/><E73/><V102/><F111/><W87/><G107/><T135/><D135/><U11/><E112/><V56/><F7/><W113/><G113/><T50/><D109/><U132/><E132/><V45/><F45/><W114/><G114/><T5/><D50/><U125/><E36/><V126/><F126/><W35/><G108/><T2/><D5/><U64/><E42/><V122/><F122/><W4/><G124/><T15/><D105/><U67/><E125/><V85/><F94/><W17/><G4/><T77/><D38/><U131/><E131/><V32/><F32/><W54/><G40/><T39/><D39/><U27/><E62/><V63/><F63/><W130/><G87/><T100/><D37/><U118/><E118/><N who="3" m="45674" /><G75/><T18/><D31/><U74/><E74/><V96/><F96/><W97/><G97/><T16/><D100/><U80/><E22/><V71/><F102/><W92/><G92/><T33/><D33/><U121/><E121/><V0/><F0/><W88/><G88/><T14/><D123/><U52/><E41/><V134/><F71/><W98/><G98/><T34/><D34/><U91/><E89/><V28/><F134/><W95/><G95/><T110/><D110/><U53/><E53/><V55/><F55/><W19/><G35/><T58/><D120/><U128/><E128/><N who="3" m="49258" /><G54/><N who="0" m="33879" /><D59/><U8/><E8/><V90/><F90/><RYUUKYOKU ba="0,0" sc="250,10,250,10,250,10,250,-30" hai0="1,2,3,14,15,16,18,23,77,78" hai1="6,11,13,21,27,47,48,52,64,67,80,86,91" hai2="20,25,28,43,44,56,57,61,66,69,76,81,85" /><INIT seed="0,1,0,1,4,81" ten="260,260,260,220" oya="0" hai0="113,54,8,16,64,44,97,41,0,45,66,71,78" hai1="74,18,98,67,17,9,91,130,37,60,95,30,4" hai2="58,13,53,128,80,109,26,63,6,55,131,57,101" hai3="25,89,23,70,126,61,38,82,87,92,28,110,103"/><T22/><D113/><U120/><E120/><V108/><F101/><W77/><G110/><T119/><D119/><U46/><E74/><V52/><F26/><W62/><G126/><T34/><D34/><U36/><E30/><V40/><F6/><W86/><G70/><T47/><D71/><U14/><E130/><N who="2" m="49707" /><F13/><W21/><G38/><T49/><D78/><U122/><E122/><V51/><F80/><W12/><G103/><T48/><D47/><U116/><E116/><V100/><F100/><W124/><G124/><T106/><D106/><U32/><E32/><V15/><F15/><W134/><G134/><T104/><D97/><U29/><E29/><V83/><F83/><W75/><G75/><T111/><D111/><N who="2" m="42570" /><F40/><W43/><G43/><T127/><D104/><U123/><E123/><V11/><F11/><W114/><G114/><T117/><D117/><U85/><E98/><V107/><F107/><W88/><G77/><T99/><D99/><U96/><E96/><V112/><F112/><W133/><G133/><T135/><D135/><U65/><E4/><V56/><F51/><W1/><G1/><T118/><D118/><U5/><E36/><V72/><F72/><W84/><G84/><T121/><D121/><U102/><E102/><V90/><F90/><W68/><G68/><T31/><D127/><U93/><E95/><V50/><F50/><W39/><G39/><T7/><D31/><U105/><E105/><V69/><F69/><W10/><G23/><T42/><D42/><U129/><E129/><V24/><F24/><AGARI ba="1,0" hai="0,7,8,16,22,24,41,44,45,48,49,54,64,66" machi="24" ten="30,2900,0" yaku="7,1,54,1" doraHai="81" who="0" fromWho="2" sc="260,32,260,0,260,-32,220,0" /><INIT seed="0,2,0,2,0,36" ten="292,260,228,220" oya="0" hai0="26,47,40,110,96,93,101,128,66,85,134,45,43" hai1="15,65,16,53,18,24,54,12,97,131,77,42,59" hai2="125,68,31,19,41,63,1,50,130,122,129,99,86" hai3="120,121,61,51,135,49,5,106,126,52,124,57,13"/><T37/><D134/><U89/><E131/><V44/><F1/><W58/><G106/><T71/><D128/><N who="2" m="49258" /><F122/><N who="3" m="47211" /><G5/><T79/><D110/><U11/><E77/><V83/><F31/><W95/><G13/><T90/><D79/><U48/><E24/><V32/><F32/><W34/><G34/><T25/><D66/><U123/><E123/><V112/><F112/><W132/><G95/><T64/><D64/><U30/><E30/><V55/><F99/><W69/><G69/><T0/><D71/><U22/><E65/><N who="2" m="41023" /><F19/><W73/><G73/><T82/><REACH who="0" step="1"/><D0/><REACH who="0" ten="282,260,228,220" step="2"/><U105/><E105/><V107/><F125/><N who="3" m="48235" /><G58/><T23/><D23/><U3/><E3/><V28/><F107/><W103/><G103/><T118/><D118/><U119/><E119/><V39/><F28/><W98/><G98/><T87/><D87/><U109/><E109/><V8/><F8/><W33/><G33/><T4/><D4/><U91/><E97/><V111/><F111/><W94/><G94/><T62/><D62/><U56/><REACH who="1" step="1"/><E42/><REACH who="1" ten="282,250,228,220" step="2"/><V70/><F41/><W27/><G27/><T92/><D92/><U75/><E75/><V108/><F108/><W38/><G132/><T127/><D127/><U102/><E102/><V100/><F100/><W104/><G135/><T113/><D113/><U88/><E88/><V115/><F115/><W84/><G104/><T7/><D7/><U29/><E29/><V10/><F10/><W35/><G35/><T14/><D14/><U81/><E81/><V46/><F83/><W17/><G84/><T76/><D76/><U78/><E78/><V67/><F67/><RYUUKYOKU ba="2,2" sc="282,15,250,15,228,-15,220,-15" hai0="25,26,37,40,43,45,47,82,85,90,93,96,101" hai1="11,12,15,16,18,22,48,53,54,56,59,89,91" /><INIT seed="0,3,2,0,1,107" ten="297,265,213,205" oya="0" hai0="37,74,19,92,28,13,66,118,63,119,111,86,56" hai1="16,79,89,82,85,41,21,60,126,108,87,123,44" hai2="71,51,45,125,94,4,68,90,39,83,132,30,106" hai3="50,67,114,134,23,36,131,130,2,12,129,29,24"/><T32/><D37/><U64/><E123/><V20/><F106/><W11/><G114/><T1/><D1/><U38/><E108/><V105/><F105/><W135/><G36/><T61/><D74/><U101/><E126/><V88/><F39/><W120/><G67/><T96/><D111/><U104/><E101/><V117/><F4/><N who="3" m="1431" /><G50/><T0/><D0/><U55/><E104/><V34/><F34/><W46/><G46/><T102/><D32/><U91/><E55/><V47/><F47/><W80/><G80/><T52/><D28/><U127/><E87/><V5/><F5/><W62/><G62/><T84/><D119/><U113/><E127/><V49/><F49/><W8/><G120/><T40/><D40/><U33/><E33/><V42/><F125/><W98/><G98/><T103/><D103/><U6/><E6/><AGARI ba="3,2" hai="6,8,12,23,24,29,129,130,131,134,135" m="1431" machi="6" ten="30,3900,0" yaku="19,1,34,2" doraHai="107" who="3" fromWho="1" sc="297,0,265,-48,213,0,205,68" /><INIT seed="1,0,0,5,1,48" ten="297,217,213,273" oya="1" hai0="43,30,66,56,79,9,133,26,90,128,14,53,46" hai1="11,123,114,117,62,87,63,105,130,42,7,127,131" hai2="76,1,91,86,24,135,57,93,0,58,5,25,83" hai3="32,47,92,84,85,80,95,109,111,118,99,19,21"/><U8/><E123/><V36/><F36/><W77/><G32/><T27/><D133/><U98/><E117/><V59/><F135/><W132/><G132/><T33/><D128/><U124/><E114/><V50/><F1/><W104/><G118/><T13/><D79/><U74/><E42/><V17/><F5/><W116/><G116/><T102/><D66/><U22/><E87/><V4/><F4/><W23/><G23/><T115/><D102/><N who="1" m="62679" /><E74/><V10/><F0/><W72/><G47/><T40/><D115/><U121/><E22/><V37/><F37/><W38/><G38/><T41/><D90/><U67/><E63/><V103/><F103/><W96/><G19/><T125/><D125/><N who="1" m="48203" /><E121/><V97/><F50/><W73/><G21/><T100/><D100/><U15/><E8/><V110/><F110/><W31/><G31/><T106/><D30/><U64/><E64/><V12/><AGARI ba="0,0" hai="10,12,17,24,25,57,58,59,76,83,86,91,93,97" machi="12" ten="30,2000,0" yaku="0,1,8,1" doraHai="48" who="2" fromWho="2" sc="297,-5,217,-10,213,20,273,-5" /><INIT seed="2,0,0,4,5,101" ten="292,207,233,268" oya="2" hai0="91,61,9,97,12,82,88,121,100,115,105,8,1" hai1="48,130,32,49,11,4,26,3,29,80,16,27,42" hai2="14,36,72,94,133,106,45,84,0,64,87,58,50" hai3="7,73,111,119,95,129,34,2,134,79,76,77,51"/><V78/><F0/><W23/><G119/><T6/><D121/><U81/><E130/><V125/><F36/><W83/><G34/><T126/><D115/><U128/><E128/><V18/><F72/><W46/><G129/><T44/><D126/><U93/><E93/><V56/><F106/><W65/><G111/><T10/><D61/><U92/><E92/><V57/><F125/><W43/><G134/><T17/><D44/><U31/><E42/><V112/><F112/><W122/><G122/><T98/><D98/><U37/><E37/><V99/><F64/><W135/><G135/><T109/><D109/><U104/><E104/><V127/><F78/><W53/><G65/><T131/><D131/><U38/><E38/><V123/><F123/><W55/><G23/><T124/><D124/><U132/><E132/><V69/><F69/><W108/><G95/><T35/><D35/><U114/><E114/><V74/><F74/><W13/><G2/><T120/><D120/><U40/><E31/><V25/><F25/><W19/><G108/><T102/><D102/><U71/><E71/><V75/><F75/><W86/><G73/><T118/><D118/><U68/><E68/><V63/><F63/><W85/><G19/><T70/><D70/><U22/><REACH who="1" step="1"/><E40/><REACH who="1" ten="292,197,233,268" step="2"/><N who="2" m="24871" /><F127/><W103/><G103/><T89/><D82/><AGARI ba="0,1" hai="3,4,11,16,22,26,27,29,32,48,49,80,81,82" machi="82" ten="40,8000,1" yaku="1,1,54,1,53,2" doraHai="101" doraHaiUra="21" who="1" fromWho="0" sc="292,-80,197,90,233,0,268,0" /><INIT seed="3,0,0,5,3,28" ten="212,287,233,268" oya="3" hai0="39,81,105,78,109,3,118,17,83,106,89,58,63" hai1="35,72,97,33,1,95,22,59,19,53,93,117,51" hai2="130,6,68,30,129,64,9,115,104,40,100,120,2" hai3="90,73,108,116,103,61,4,94,29,32,38,132,92"/><W74/><G116/><T31/><D109/><U15/><E117/><V62/><F40/><W114/><G114/><T98/><D118/><U13/><E1/><V27/><F115/><W20/><G38/><T25/><D39/><U70/><E70/><V112/><F112/><W66/><G108/><T76/><D3/><U71/><E71/><V41/><F41/><W47/><G132/><T34/><D17/><U126/><E72/><V85/><F85/><W12/><G47/><T18/><D18/><U128/><E126/><V60/><F60/><W91/><G103/><T5/><D5/><U96/><E128/><V23/><F23/><W88/><G32/><T36/><D36/><U43/><E13/><V69/><F69/><W45/><G45/><T102/><D106/><U65/><E65/><V75/><F75/><W110/><G110/><T44/><D44/><U123/><E43/><V52/><F120/><W10/><G73/><T49/><D49/><U99/><REACH who="1" step="1"/><E123/><REACH who="1" ten="212,277,233,268" step="2"/><V113/><F113/><W111/><G74/><T46/><D46/><U86/><E86/><V84/><F84/><W56/><REACH who="3" step="1"/><G111/><REACH who="3" ten="212,277,233,258" step="2"/><T55/><REACH who="0" step="1"/><D89/><REACH who="0" ten="202,277,233,258" step="2"/><U125/><E125/><V37/><F129/><W82/><G82/><AGARI ba="0,3" hai="25,31,34,55,58,63,76,78,81,82,83,98,102,105" machi="82" ten="40,5200,0" yaku="1,1,2,1,52,1,53,0" doraHai="28" doraHaiUra="127" who="0" fromWho="3" sc="202,82,277,0,233,0,258,-52" /><INIT seed="4,0,0,4,2,17" ten="284,277,233,206" oya="0" hai0="41,98,87,7,35,47,11,1,82,117,95,131,12" hai1="3,61,114,80,81,92,48,135,65,73,56,39,132" hai2="110,116,0,127,85,40,91,27,59,71,123,108,26" hai3="122,70,8,66,133,42,43,102,13,28,51,10,121"/><T63/><D117/><U115/><E3/><V119/><F71/><W31/><G102/><T76/><D131/><U49/><E92/><V112/><F40/><W60/><G133/><N who="1" m="51274" /><E80/><V84/><F59/><W113/><G113/><N who="1" m="43018" /><E39/><V79/><F112/><W88/><G88/><T33/><D1/><U99/><E99/><V77/><F0/><W19/><G8/><T118/><D118/><U9/><E9/><V53/><F91/><W4/><G4/><T83/><D83/><U20/><E20/><V29/><F53/><W34/><G34/><T109/><D109/><U15/><E15/><V22/><F29/><W111/><G111/><T2/><D2/><U93/><E93/><V50/><F50/><W67/><G51/><T97/><D97/><U74/><E74/><V86/><F86/><W103/><G103/><T125/><D95/><U55/><E65/><V57/><F22/><W69/><G31/><T32/><D98/><U89/><E89/><V38/><F38/><W134/><G28/><T16/><D35/><U24/><E24/><V100/><F100/><W96/><G96/><T126/><D33/><U107/><E107/><V94/><F94/><W104/><G104/><T129/><D32/><U105/><E105/><V36/><F36/><W18/><G134/><T101/><D101/><U75/><E75/><V23/><F23/><W90/><G90/><T46/><D87/><U44/><E44/><V54/><F110/><W58/><G18/><T72/><D16/><U68/><E68/><N who="3" m="26218" /><G67/><T130/><D47/><U6/><E6/><V120/><F108/><W124/><G66/><RYUUKYOKU ba="0,0" sc="284,-10,277,30,233,-10,206,-10" hai1="48,49,55,56,61,73,81" /><INIT seed="5,1,0,3,2,65" ten="274,307,223,196" oya="1" hai0="79,39,16,59,85,13,11,5,133,109,60,34,112" hai1="26,56,122,110,127,100,113,91,114,9,115,20,121" hai2="62,83,124,2,120,92,87,132,18,108,80,48,71" hai3="42,76,53,45,46,36,54,40,67,128,52,58,90"/><U89/><E127/><V70/><F120/><W106/><G106/><T73/><D109/><U61/><E110/><V102/><F108/><W95/><G76/><T96/><D133/><U119/><E119/><V77/><F2/><W38/><G128/><T55/><D112/><U23/><E9/><V27/><F132/><W135/><G135/><T33/><D39/><U78/><E100/><V104/><F104/><W81/><G81/><T97/><D73/><U0/><E0/><V107/><F107/><W74/><G74/><T21/><D34/><U123/><E78/><V129/><F48/><W25/><G25/><T41/><D41/><U3/><E3/><V130/><F62/><N who="3" m="38359" /><G95/><T51/><D33/><U57/><E20/><N who="2" m="13719" /><F83/><W7/><G90/><N who="1" m="34314" /><E61/><V101/><F124/><W64/><G7/><T125/><D125/><U43/><E43/><N who="3" m="16426" /><G64/><T118/><D118/><U31/><AGARI ba="1,0" hai="23,26,31,56,57,113,114,115,121,122,123" m="34314" machi="31" ten="40,2100,0" yaku="15,1" doraHai="65" who="1" fromWho="1" sc="274,-8,307,24,223,-8,196,-8" /><INIT seed="5,2,0,2,0,98" ten="266,331,215,188" oya="1" hai0="135,72,10,28,50,90,101,7,37,65,93,68,70" hai1="119,0,38,3,123,33,49,32,124,31,39,71,22" hai2="113,88,81,120,64,62,102,112,97,117,78,8,58" hai3="96,75,36,46,43,24,79,40,56,109,9,82,4"/><U30/><E22/><V104/><F117/><W34/><G109/><T29/><D135/><U35/><E49/><V13/><F120/><W15/><G40/><T131/><D131/><U77/><E77/><V20/><F20/><W108/><G108/><T66/><D72/><U45/><E123/><V85/><REACH who="2" step="1"/><F78/><REACH who="2" ten="266,331,205,188" step="2"/><W126/><G79/><T11/><D29/><U55/><E119/><V69/><F69/><W99/><G34/><T128/><D28/><U5/><E71/><V122/><F122/><W51/><G126/><T16/><D70/><U100/><E31/><V2/><F2/><W94/><G9/><T91/><D68/><U21/><E30/><V23/><F23/><W110/><G110/><T132/><D10/><U61/><E21/><V27/><F27/><W6/><G24/><T53/><D11/><U41/><E0/><V129/><F129/><W111/><G111/><T86/><D128/><U12/><E3/><V103/><F103/><W57/><G15/><T106/><D101/><U44/><E100/><V130/><F130/><W114/><G4/><AGARI ba="2,1" hai="4,8,13,58,62,64,81,85,88,97,102,104,112,113" machi="4" ten="40,5200,0" yaku="1,1,52,1,54,1,53,0" doraHai="98" doraHaiUra="14" who="2" fromWho="3" sc="266,0,331,0,205,68,188,-58" /><INIT seed="6,0,0,0,4,90" ten="266,331,273,130" oya="2" hai0="129,1,121,34,124,107,109,33,21,4,74,115,84" hai1="46,57,44,54,27,127,7,67,126,75,28,81,87" hai2="131,112,50,42,35,69,63,79,122,11,19,128,5" hai3="14,62,12,73,39,56,65,66,15,86,29,3,30"/><V83/><F122/><W24/><G73/><T49/><RYUUKYOKU type="yao9" ba="0,0" sc="266,0,331,0,273,0,130,0" hai0="1,4,21,33,34,49,74,84,107,109,115,121,124,129" /><INIT seed="6,1,0,3,3,57" ten="266,331,273,130" oya="2" hai0="127,31,84,66,109,130,85,65,6,22,38,116,96" hai1="112,23,50,41,30,115,111,118,0,81,117,24,42" hai2="46,134,58,76,43,131,47,68,75,91,33,12,3" hai3="103,108,11,45,26,64,78,122,98,7,14,44,32"/><V59/><F3/><W121/><G108/><T18/><D109/><U27/><E0/><V48/><F68/><W92/><G78/><T72/><D38/><U69/><E111/><V88/><F33/><W113/><G113/><N who="1" m="43594" /><E69/><V29/><F75/><W119/><G119/><T5/><D116/><U126/><E126/><V86/><F29/><W128/><G128/><T34/><D72/><U74/><E41/><V101/><F101/><W110/><G110/><T133/><D133/><U9/><E9/><V13/><F134/><W62/><G121/><T94/><D34/><U35/><E50/><N who="2" m="26975" /><F76/><W19/><G122/><T67/><D31/><N who="1" m="19943" /><E42/><N who="2" m="24695" /><F131/><W90/><G103/><T123/><D127/><U104/><E104/><V56/><F91/><W2/><G32/><T83/><D123/><U54/><E74/><V60/><F60/><W55/><G64/><T105/><D105/><U25/><E54/><V40/><F40/><W39/><G39/><T87/><D130/><U125/><E125/><V70/><F70/><W77/><G77/><T53/><D53/><U63/><E63/><V8/><F8/><W124/><G124/><T20/><D67/><U120/><E120/><V10/><F10/><W114/><G114/><T28/><D28/><U97/><E30/><V4/><F4/><W89/><G89/><T95/><D5/><U49/><E49/><V102/><F102/><W79/><G79/><T17/><D6/><U73/><E73/><V107/><F107/><W61/><G2/><T71/><D71/><U37/><E37/><V135/><F135/><W51/><G45/><T99/><D65/><RYUUKYOKU ba="1,0" sc="266,-15,331,-15,273,15,130,15" hai2="12,13,56,58,59,86,88" hai3="7,11,14,19,26,44,51,55,61,62,90,92,98" /><INIT seed="6,2,0,5,3,29" ten="251,316,288,145" oya="2" hai0="113,35,77,53,5,126,131,1,43,103,83,91,135" hai1="20,67,92,87,27,90,118,11,21,51,120,13,15" hai2="50,63,128,12,89,31,106,7,19,111,60,78,55" hai3="23,46,109,28,100,22,33,10,124,16,119,85,14"/><V3/><F106/><W57/><G109/><T39/><D91/><U61/><E118/><V112/><F78/><W123/><G119/><T6/><D53/><U105/><E105/><V96/><F111/><W84/><G123/><T32/><D6/><U101/><E101/><V56/><F3/><W41/><G124/><T98/><D113/><U2/><E120/><V4/><F112/><W49/><G100/><T58/><D58/><U69/><E2/><V24/><F128/><W104/><G104/><N who="0" m="63607" /><D135/><U59/><E69/><V115/><F115/><W17/><G57/><T110/><D126/><U93/><E51/><V122/><F122/><W52/><G41/><T66/><D66/><U125/><E125/><V40/><F96/><W71/><G71/><T8/><D131/><U25/><E92/><V130/><F130/><W9/><G33/><T117/><D117/><U18/><E21/><V86/><F4/><AGARI ba="2,0" hai="4,11,13,15,18,20,25,27,59,61,67,87,90,93" machi="4" ten="30,2000,0" yaku="7,1,8,1" doraHai="29" who="1" fromWho="2" sc="251,0,316,26,288,-26,145,0" /><INIT seed="7,0,0,3,2,82" ten="251,342,262,145" oya="3" hai0="131,91,118,43,23,98,109,27,55,112,113,115,6" hai1="126,29,1,128,94,8,2,122,17,60,34,52,72" hai2="70,95,97,62,47,121,33,51,90,24,96,75,66" hai3="92,19,58,69,105,130,28,45,132,22,84,76,111"/><W31/><G69/><T50/><D131/><U7/><E72/><V39/><F39/><W59/><G105/><T124/><D124/><U11/><E122/><V127/><F75/><W74/><G130/><T54/><D109/><U48/><E60/><V37/><F37/><W0/><G0/><T114/><D118/><U83/><E83/><V73/><F73/><W42/><G111/><T106/><D6/><U41/><E41/><V87/><F127/><W78/><G132/><T135/><D135/><U36/><E36/><V63/><F63/><W56/><G74/><T123/><D123/><U88/><E128/><V35/><F121/><W134/><G134/><T25/><D25/><U13/><E1/><V5/><F5/><W93/><G31/><T65/><D65/><U68/><E34/><V116/><F116/><W79/><G28/><N who="0" m="17535" /><D115/><U49/><E49/><V15/><F15/><N who="3" m="9599" /><G84/><T67/><D67/><U117/><E29/><V40/><F24/><W108/><G108/><T64/><D64/><U21/><E68/><V120/><F120/><W32/><G32/><T71/><D71/><U30/><E30/><V104/><F104/><W77/><N who="3" m="19456" /><DORA hai="18" /><W119/><G119/><T89/><D106/><U46/><E126/><V14/><F14/><W16/><G16/><T100/><D43/><U38/><E38/><V12/><F12/><W107/><G107/><N who="0" m="63895" /><D55/><U125/><E125/><V4/><F4/><W61/><G61/><T103/><D112/><U129/><E129/><V110/><F110/><W85/><G85/><T53/><D114/><U102/><E117/><V80/><F80/><RYUUKYOKU ba="0,0" sc="251,-15,342,-15,262,15,145,15" hai2="33,35,40,47,51,62,66,70,87,90,95,96,97" hai3="42,45,56,58,59,92,93" /><INIT seed="7,1,0,5,4,27" ten="236,327,277,160" oya="3" hai0="125,17,70,103,121,111,52,105,117,107,4,37,33" hai1="102,42,8,66,63,14,59,35,126,129,25,115,5" hai2="51,95,16,75,46,34,131,94,106,87,89,93,60" hai3="92,2,26,104,124,28,101,32,40,64,39,44,81"/><W65/><G124/><T18/><D103/><U108/><E108/><V3/><F106/><W20/><G2/><T79/><D79/><U135/><E129/><V78/><F3/><W55/><G104/><T80/><D80/><U83/><E115/><V53/><F75/><W122/><G122/><T74/><D4/><U67/><E102/><V23/><F78/><W11/><G11/><T114/><D17/><U96/><E96/><V1/><F1/><W90/><G55/><T57/><D18/><U45/><E135/><V36/><F34/><W12/><G12/><T82/><D82/><U91/><E67/><V58/><F36/><W84/><REACH who="3" step="1"/><G32/><REACH who="3" ten="236,327,277,150" step="2"/><T15/><D52/><U85/><E126/><V10/><F10/><W54/><G54/><T97/><D15/><U113/><E35/><V22/><F22/><W56/><G56/><T72/><D57/><U120/><E120/><V134/><F131/><W68/><G68/><T30/><D107/><U0/><E0/><V43/><F134/><W112/><G112/><T118/><D114/><U9/><E113/><V38/><F38/><W123/><G123/><T47/><D125/><U62/><E9/><V61/><F61/><W24/><G24/><AGARI ba="1,1" hai="16,23,24,43,46,51,53,58,60,87,89,93,94,95" machi="24" ten="30,3900,0" yaku="7,1,8,1,54,1" doraHai="27" who="2" fromWho="3" sc="236,0,327,0,277,52,150,-42" owari="236,-16.0,327,13.0,329,42.0,108,-39.0" /></mjloggm>