<mjloggm ver="2.3"><GO type="169" lobby="0"/><UN n0="%70%6F%33" n1="%E3%83%AA%E3%83%83%E3%83%97%E3%83%AB%E3%83%A9%E3%83%83%E3%83%97%E3%83%AB" n2="%E3%81%B2%E3%81%8B%E3%81%B2%E3%81%8B" n3="%63%68%61%72%6C%69%65%7A" dan="17,16,16,16" rate="2139.61,2047.79,2123.06,2015.54" sx="F,M,M,M"/><TAIKYOKU oya="0"/><INIT seed="0,0,0,5,5,85" ten="250,250,250,250" oya="0" hai0="96,66,6,113,3,50,60,62,13,115,19,28,26" hai1="70,25,109,128,75,133,34,16,102,57,108,123,87" hai2="117,7,107,131,92,40,88,27,44,110,58,76,33" hai3="104,31,37,64,111,69,90,10,56,68,0,15,116"/><T81/><D50/><U55/><E75/><V101/><F110/><N who="1" m="42601" /><E70/><V71/><F71/><W11/><G116/><T41/><D41/><U8/><E123/><V91/><F131/><W83/><G37/><T77/><D60/><U134/><E128/><V12/><F76/><W2/><G104/><T121/><D121/><U129/><E102/><V29/><F117/><W72/><G31/><T124/><D124/><U14/><E129/><V48/><F107/><W100/><G100/><T79/><D79/><U38/><E38/><V118/><F118/><W114/><G114/><T127/><D127/><U122/><E122/><V94/><F58/><W86/><G72/><T32/><D96/><U132/><E25/><V4/><F12/><W51/><G111/><T9/><D77/><U89/><E34/><V82/><F82/><W103/><G103/><T54/><D54/><U98/><E98/><V73/><F73/><W99/><G99/><T63/><D81/><N who="1" m="49391" /><E55/><V53/><F101/><W22/><G69/><T106/><D106/><U1/><E1/><V39/><F92/><W65/><G68/><N who="0" m="42071" /><D63/><U78/><E78/><V52/><F53/><N who="3" m="31807" /><G2/><T119/><D119/><U35/><E35/><V59/><F91/><W61/><G0/><T24/><D24/><U130/><E130/><V93/><F93/><W43/><G43/><T47/><D47/><U45/><E57/><V21/><F33/><W97/><G97/><AGARI ba="0,0" hai="4,7,21,27,29,39,40,44,48,52,59,88,94,97" machi="97" ten="30,7700,0" yaku="7,1,52,1,54,2" doraHai="85" who="2" fromWho="3" sc="250,0,250,0,250,77,250,-77" /><INIT seed="1,0,0,4,2,4" ten="250,250,327,173" oya="1" hai0="127,81,11,37,83,80,63,71,20,112,95,9,96" hai1="2,53,58,43,114,13,110,8,31,86,17,68,131" hai2="79,123,129,61,46,6,21,16,60,51,56,65,50" hai3="102,12,85,103,99,126,120,70,115,88,62,104,132"/><U72/><E114/><V106/><F106/><W35/><G115/><T134/><D37/><U28/><E72/><V45/><F129/><W55/><G120/><T118/><D112/><U14/><E131/><V3/><F79/><W78/><G126/><T84/><D127/><U27/><E2/><V73/><F73/><W47/><G132/><T24/><D134/><U75/><E75/><V107/><F107/><W26/><G103/><T64/><D84/><U116/><E68/><V135/><F135/><W66/><G78/><T100/><REACH who="0" step="1"/><D118/><REACH who="0" ten="240,250,327,173" step="2"/><U33/><E116/><V36/><F123/><W101/><G101/><T54/><D54/><U111/><E86/><V87/><F36/><W19/><G55/><T38/><D38/><U49/><E43/><V90/><F87/><W10/><G47/><T113/><D113/><U18/><REACH who="1" step="1"/><E28/><AGARI ba="0,1" hai="9,11,20,24,28,63,64,71,80,81,83,95,96,100" machi="28" ten="40,8000,1" yaku="1,1,52,2,53,1" doraHai="4" doraHaiUra="92" who="0" fromWho="1" sc="240,90,250,-80,327,0,173,0" /><INIT seed="2,0,0,0,4,44" ten="330,170,327,173" oya="2" hai0="7,81,58,27,62,111,125,17,24,95,13,119,131" hai1="114,134,55,41,117,129,133,9,105,2,4,74,67" hai2="14,25,68,66,43,31,103,0,1,32,45,86,22" hai3="124,19,56,126,29,108,71,120,135,65,94,83,38"/><V34/><F103/><W10/><G120/><T51/><D111/><U5/><E67/><V42/><F66/><W46/><G108/><T85/><D131/><U115/><E41/><V73/><F68/><W76/><G71/><T93/><D119/><U61/><E61/><V128/><F73/><W52/><G135/><T48/><D7/><U132/><E117/><V57/><F57/><W63/><G29/><T75/><D75/><U16/><E105/><V88/><F42/><W118/><G118/><T78/><D125/><N who="3" m="48233" /><G94/><N who="0" m="35851" /><D24/><U87/><E74/><V64/><F64/><W107/><G107/><T11/><D27/><U110/><E110/><V112/><F128/><W12/><G65/><AGARI ba="0,0" hai="11,13,17,48,51,58,62,65,78,81,85" m="35851" machi="65" ten="30,3900,0" yaku="8,1,52,2" doraHai="44" who="0" fromWho="3" sc="330,39,170,0,327,0,173,-39" /><INIT seed="3,0,0,4,3,7" ten="369,170,327,134" oya="3" hai0="2,65,95,59,109,119,48,125,127,61,72,98,35" hai1="130,45,57,49,120,118,81,131,20,28,80,75,91" hai2="52,64,128,69,84,58,117,82,39,132,107,74,43" hai3="18,104,29,100,0,112,85,38,126,67,21,113,129"/><W34/><G126/><N who="0" m="48139" /><D35/><U44/><E120/><V14/><F132/><W54/><G129/><N who="1" m="49162" /><E118/><V106/><F74/><W47/><G67/><T90/><D109/><U134/><E134/><V62/><F117/><W88/><G0/><T86/><D2/><U50/><E91/><V66/><F66/><W102/><G29/><T22/><D72/><U79/><E81/><V123/><F123/><W56/><G34/><T83/><D48/><N who="1" m="18539" /><E57/><V25/><F25/><AGARI ba="0,0" hai="20,25,28,44,45,75,79,80" m="18539,49162" machi="25" ten="30,1000,0" yaku="19,1" doraHai="7" who="1" fromWho="2" sc="369,0,170,10,327,-10,134,0" /><INIT seed="4,0,0,4,5,17" ten="369,180,317,134" oya="0" hai0="13,64,44,26,131,72,41,23,3,52,7,93,68" hai1="118,18,59,1,56,119,82,95,97,77,31,126,79" hai2="8,10,20,135,27,16,33,71,91,38,80,48,94" hai3="108,122,55,24,123,49,65,99,6,127,81,54,102"/><T132/><D72/><U74/><E126/><V47/><F38/><W73/><G108/><T25/><D132/><U40/><E1/><V63/><F33/><W128/><G127/><T36/><D131/><U50/><E31/><V134/><F80/><W114/><G128/><T57/><D3/><U115/><E115/><V88/><F63/><W45/><G114/><T2/><D2/><U98/><E40/><N who="2" m="24679" /><F71/><W12/><G65/><T101/><D101/><U67/><E67/><V66/><F66/><W124/><G124/><T46/><D46/><U116/><E50/><V62/><F62/><W85/><G55/><T133/><D133/><N who="2" m="50698" /><F91/><W51/><G51/><N who="0" m="30879" /><D93/><U113/><E95/><V69/><F69/><W61/><G61/><N who="0" m="39951" /><D7/><U9/><E113/><V96/><AGARI ba="0,0" hai="8,10,16,20,27,88,94,96" m="50698,24679" machi="96" ten="30,7900,0" yaku="20,1,52,1,54,2" doraHai="17" who="2" fromWho="2" sc="369,-39,180,-20,317,79,134,-20" /><INIT seed="5,0,0,4,4,7" ten="330,160,396,114" oya="1" hai0="129,106,110,66,23,73,16,8,22,85,102,0,79" hai1="68,32,58,113,127,86,37,98,115,134,69,34,49" hai2="54,135,95,117,81,116,27,124,63,6,44,11,48" hai3="29,93,56,1,4,40,43,30,46,125,122,25,83"/><U94/><E37/><V67/><F124/><W132/><G125/><T60/><D110/><U104/><E127/><V26/><F135/><W2/><G132/><T61/><D129/><U10/><E134/><V3/><F95/><W119/><G122/><T88/><D73/><U100/><E58/><V31/><F81/><W123/><G123/><T103/><D106/><U96/><E86/><V21/><F27/><W118/><G93/><T101/><D79/><U133/><E49/><V126/><F126/><W41/><G56/><AGARI ba="0,0" hai="3,6,11,21,26,31,44,48,54,56,63,67,116,117" machi="56" ten="30,2000,0" yaku="7,1,52,1" doraHai="7" who="2" fromWho="3" sc="330,0,160,0,396,20,114,-20" /><INIT seed="6,0,0,1,3,100" ten="330,160,416,94" oya="2" hai0="21,20,43,79,90,57,39,13,121,54,48,40,61" hai1="50,32,41,93,112,58,63,68,27,18,69,84,31" hai2="125,25,56,60,64,109,11,2,97,12,26,104,10" hai3="130,24,96,53,67,83,76,126,135,127,131,128,16"/><V46/><F125/><N who="3" m="47627" /><G67/><T102/><D121/><U3/><E3/><V74/><F74/><N who="3" m="43415" /><G53/><T123/><D123/><U62/><E112/><V66/><F11/><W52/><G52/><N who="0" m="33959" /><D39/><U42/><E18/><V108/><F2/><W23/><G96/><T110/><D110/><N who="2" m="42602" /><F64/><W34/><G34/><T119/><D102/><U4/><E32/><V30/><F46/><W120/><G120/><T55/><D55/><U9/><E69/><V19/><F30/><W49/><G49/><T7/><D119/><U91/><E50/><V113/><F113/><W29/><G29/><T103/><D103/><AGARI ba="0,0" hai="10,12,19,25,26,56,60,66,97,103,104" m="42602" machi="103" ten="30,2900,0" yaku="10,1,52,1" doraHai="100" who="2" fromWho="0" sc="330,-29,160,0,416,29,94,0" /><INIT seed="6,1,0,2,3,41" ten="301,160,445,94" oya="2" hai0="60,48,116,14,49,17,50,82,109,43,87,59,106" hai1="47,100,86,127,12,32,126,25,61,131,19,45,33" hai2="54,40,16,119,29,38,26,20,10,97,125,56,13" hai3="4,110,81,134,135,94,53,11,120,88,89,6,44"/><V23/><F125/><N who="1" m="47625" /><E131/><V69/><F69/><W104/><G120/><T22/><D106/><U37/><E37/><V102/><F119/><W76/><G110/><T78/><D109/><U34/><E25/><V115/><F40/><W71/><G71/><T8/><D116/><U46/><E100/><V62/><F38/><W114/><G104/><T64/><REACH who="0" step="1"/><D8/><REACH who="0" ten="291,160,445,94" step="2"/><N who="1" m="6535" /><E86/><V123/><F123/><W15/><G114/><T67/><D67/><U70/><E32/><V105/><REACH who="2" step="1"/><F115/><REACH who="2" ten="291,160,435,94" step="2"/><W129/><G129/><T63/><D63/><U99/><E61/><V108/><F108/><W96/><G134/><T28/><D28/><U2/><E70/><V73/><F73/><W121/><G135/><T83/><D83/><U66/><E66/><V36/><F36/><W91/><G121/><T75/><D75/><U85/><E85/><V117/><F117/><W72/><REACH who="3" step="1"/><G4/><REACH who="3" ten="291,160,435,84" step="2"/><T92/><D92/><U130/><E130/><V101/><F101/><W122/><G122/><T133/><D133/><U90/><E2/><V3/><F3/><W1/><G1/><T132/><D132/><U51/><E51/><AGARI ba="1,3" hai="6,11,15,44,51,53,72,76,81,88,89,91,94,96" machi="51" ten="40,8000,1" yaku="1,1,52,1,54,1,53,1" doraHai="41" doraHaiUra="5" who="3" fromWho="1" sc="291,0,160,-83,435,0,84,113" /><INIT seed="7,0,0,0,3,46" ten="291,77,435,197" oya="3" hai0="126,108,117,10,69,32,100,129,121,45,112,2,120" hai1="7,22,94,38,81,79,27,89,83,26,55,54,49" hai2="78,106,19,74,125,134,37,52,111,17,104,72,50" hai3="4,107,24,113,97,91,130,61,42,9,127,116,48"/><W71/><G116/><T8/><D45/><U18/><E38/><V135/><F37/><W34/><G113/><T95/><D95/><U21/><E7/><V90/><F125/><W43/><G127/><T93/><D93/><U59/><E79/><V0/><F0/><W35/><G130/><T86/><D86/><U66/><E66/><V99/><F90/><W84/><G91/><T64/><D64/><U92/><E92/><V23/><F19/><W133/><G84/><T87/><D87/><U75/><E75/><V88/><F111/><W132/><G35/><T29/><D100/><U76/><E76/><V110/><F110/><W1/><G48/><T44/><D44/><U41/><E41/><V68/><F88/><W96/><G61/><T39/><D10/><U16/><E55/><V98/><F78/><W103/><G71/><T12/><D8/><U11/><E11/><V14/><F98/><W6/><G6/><T109/><D12/><U80/><E80/><V115/><F74/><W119/><G97/><AGARI ba="0,0" hai="16,18,21,22,26,27,49,54,59,81,83,89,94,97" machi="97" ten="30,8000,1" yaku="7,1,9,1,8,1,52,1,54,1" doraHai="46" who="1" fromWho="3" sc="291,0,77,80,435,0,197,-80" owari="291,9.0,157,-24.0,435,53.0,117,-38.0" /></mjloggm>