<mjloggm ver="2.3"><GO type="169" lobby="0"/><UN n0="%E3%82%AB%E3%83%AB%E3%83%AD%E3%83%BB%E3%83%91%E3%83%94%E3%82%B3" n1="%E6%BB%9D%E6%9C%AC%E3%81%B2%E3%81%B5%E3%81%BF%EF%BC%81" n2="%44%65%78%69%63" n3="%7A%65%52%6F" dan="16,16,18,17" rate="2077.60,2121.01,2189.34,2204.33" sx="F,M,M,M"/><TAIKYOKU oya="0"/><INIT seed="0,0,0,4,4,32" ten="250,250,250,250" oya="0" hai0="2,23,108,58,133,29,101,33,19,43,122,78,110" hai1="13,61,111,104,114,0,35,105,129,5,125,59,56" hai2="81,65,92,82,128,34,86,6,135,102,7,74,27" hai3="50,28,57,37,91,48,60,134,42,15,95,72,84"/><T73/><D122/><U67/><E35/><V87/><F74/><W63/><G134/><T77/><D133/><U85/><E111/><N who="0" m="42537" /><D101/><U55/><E129/><V62/><F128/><W38/><G72/><T36/><D58/><U127/><E13/><V47/><F47/><W97/><G38/><T9/><D73/><U12/><E12/><V8/><F135/><W109/><G37/><T44/><D29/><U112/><E85/><V49/><F49/><W124/><G124/><N who="1" m="47690" /><E5/><V18/><F7/><W52/><G28/><T90/><D90/><U24/><E24/><V45/><F45/><N who="3" m="25655" /><G109/><T3/><D33/><U103/><E103/><V46/><F46/><W121/><G121/><T41/><D41/><U53/><E0/><N who="0" m="41" /><D9/><U117/><E117/><V130/><F8/><W75/><G75/><T14/><AGARI ba="0,0" hai="14,19,23,36,43,44,77,78" m="41,42537" machi="14" ten="30,12000,1" yaku="14,1,10,1,52,3" doraHai="32" who="0" fromWho="0" sc="250,120,250,-40,250,-40,250,-40" /><INIT seed="0,1,0,4,1,51" ten="370,210,210,210" oya="0" hai0="124,65,78,53,30,111,125,117,63,120,50,3,44" hai1="41,12,70,96,20,28,22,106,90,67,132,108,72" hai2="69,1,35,15,57,17,118,68,99,121,16,135,112" hai3="98,21,11,27,94,133,13,86,23,97,58,110,79"/><T61/><D3/><U76/><E108/><V32/><F1/><W116/><G133/><T92/><D117/><U47/><E132/><V119/><F135/><W109/><G116/><T29/><D120/><U4/><E72/><V107/><F99/><W127/><G127/><N who="0" m="48715" /><D111/><U8/><E76/><V113/><F57/><W45/><G45/><T18/><D78/><U38/><E28/><N who="0" m="10857" /><D65/><U122/><E122/><V128/><F121/><W52/><G110/><T91/><D18/><U24/><E24/><V81/><F15/><W14/><G14/><T62/><D62/><U129/><E129/><V74/><F128/><W84/><G109/><T102/><D102/><U31/><E31/><V114/><F114/><W89/><G27/><T101/><D101/><U126/><E126/><V42/><F112/><W59/><G59/><T73/><D73/><U105/><E67/><V85/><F74/><W134/><G134/><T54/><D54/><U55/><E70/><V39/><F113/><W115/><G115/><T75/><D75/><U40/><E40/><V5/><F42/><W82/><G23/><T0/><D0/><U60/><E20/><V95/><F69/><W10/><G21/><T131/><D131/><U36/><E22/><V7/><F68/><W100/><G100/><T9/><D9/><N who="3" m="3081" /><G13/><T87/><AGARI ba="1,0" hai="44,50,53,61,63,87,91,92" m="10857,48715" machi="87" ten="30,3000,0" yaku="18,1,52,1" doraHai="51" who="0" fromWho="0" sc="370,33,210,-11,210,-11,210,-11" /><INIT seed="0,2,0,4,2,114" ten="403,199,199,199" oya="0" hai0="5,106,22,25,52,91,59,2,133,28,89,14,12" hai1="76,74,107,61,47,46,75,109,97,86,33,17,7" hai2="9,18,20,113,119,53,78,49,4,11,64,48,37" hai3="123,87,44,85,73,115,65,50,124,98,111,100,84"/><T132/><D106/><U66/><E109/><V45/><F113/><W77/><G115/><T127/><D2/><U58/><E33/><V56/><F37/><W101/><G111/><T116/><D116/><U134/><E134/><N who="0" m="51817" /><D127/><U63/><E7/><V8/><F78/><W93/><G124/><T82/><D5/><U15/><E75/><V29/><F29/><W40/><G123/><T125/><D125/><U3/><E74/><V80/><F80/><W92/><G73/><T39/><D39/><U35/><E35/><V23/><F23/><W26/><G65/><T126/><D126/><U36/><E3/><V43/><F64/><W27/><REACH who="3" step="1"/><G77/><REACH who="3" ten="403,199,199,189" step="2"/><T71/><D71/><U83/><E36/><V118/><REACH who="2" step="1"/><F4/><REACH who="2" ten="403,199,189,189" step="2"/><W131/><G131/><T110/><D110/><U10/><E66/><V0/><F0/><W129/><G129/><T62/><D82/><U81/><E81/><V112/><F112/><W88/><G88/><AGARI ba="2,2" hai="12,14,22,25,28,52,59,62,88,89,91" m="51817" machi="88" ten="30,5800,0" yaku="20,1,54,2" doraHai="114" who="0" fromWho="3" sc="403,84,199,0,189,0,189,-64" /><INIT seed="0,3,0,0,4,127" ten="487,199,189,125" oya="0" hai0="88,0,125,6,40,43,83,19,80,16,32,2,11" hai1="107,128,74,60,75,73,4,100,67,69,118,115,10" hai2="8,87,54,37,81,7,65,123,49,105,130,5,124" hai3="30,76,45,71,14,72,103,3,116,92,27,41,21"/><T61/><D125/><U53/><E53/><V56/><F124/><W63/><G116/><T51/><D32/><U131/><E118/><V117/><F117/><W44/><G3/><T58/><D2/><N who="1" m="279" /><E115/><V31/><F105/><W62/><G71/><T70/><D70/><U132/><E132/><V35/><F37/><W122/><G122/><T9/><D9/><U121/><E121/><V28/><F123/><W59/><G63/><T64/><D51/><U120/><E120/><V91/><F130/><N who="1" m="49705" /><E100/><V15/><F35/><W94/><G41/><T90/><D43/><U109/><E107/><V113/><F113/><W106/><G106/><T55/><D55/><U46/><E109/><V17/><F65/><W134/><G134/><T13/><D40/><U24/><E24/><V20/><REACH who="2" step="1"/><F5/><REACH who="2" ten="487,199,179,125" step="2"/><W1/><G1/><AGARI ba="3,1" hai="1,7,8,15,17,20,28,31,49,54,56,81,87,91" machi="1" ten="30,3900,0" yaku="1,1,2,1,7,1,53,0" doraHai="127" doraHaiUra="39" who="2" fromWho="3" sc="487,0,199,0,179,58,125,-48" /><INIT seed="1,0,0,1,1,82" ten="487,199,237,77" oya="1" hai0="44,11,127,21,119,37,85,113,49,101,66,16,75" hai1="23,4,118,14,3,22,41,28,8,20,47,31,46" hai2="2,63,56,89,70,45,74,40,30,6,79,112,121" hai3="91,104,9,50,102,68,42,125,93,29,39,117,128"/><U84/><E118/><V26/><F121/><W72/><G68/><T59/><D119/><U111/><E111/><V53/><F112/><W61/><G39/><T15/><D113/><U97/><E3/><V90/><F70/><W105/><G29/><T38/><D75/><U19/><E4/><V18/><F18/><W76/><G61/><T52/><D127/><U135/><E135/><V12/><F2/><W25/><G25/><T27/><D101/><U24/><E97/><V103/><F103/><W83/><G117/><T133/><D133/><U1/><E1/><V99/><F99/><N who="3" m="59759" /><G50/><T10/><D10/><U126/><E126/><V100/><F100/><W87/><G9/><T0/><D0/><U88/><E28/><V78/><F12/><W5/><G42/><T48/><D85/><U96/><E96/><V114/><F6/><W17/><G17/><T120/><D120/><U34/><REACH who="1" step="1"/><E41/><REACH who="1" ten="487,189,237,77" step="2"/><V69/><F40/><W64/><G5/><T35/><D35/><U94/><AGARI ba="0,1" hai="8,14,19,20,22,23,24,31,34,46,47,84,88,94" machi="94" ten="30,18000,2" yaku="1,1,2,1,0,1,52,1,54,1,53,1" doraHai="82" doraHaiUra="81" who="1" fromWho="1" sc="487,-60,189,190,237,-60,77,-60" /><INIT seed="1,1,0,5,3,62" ten="427,379,177,17" oya="1" hai0="55,10,120,82,129,46,96,88,60,65,81,54,44" hai1="71,131,126,115,63,113,20,39,116,32,64,19,61" hai2="16,36,93,133,1,134,119,102,98,11,31,73,107" hai3="41,8,122,53,67,9,27,2,123,89,50,33,128"/><U58/><E32/><V76/><F36/><W75/><G75/><T26/><D129/><U13/><E116/><V132/><F119/><W110/><G128/><T104/><D120/><U114/><E131/><V4/><F31/><W86/><G41/><T47/><D10/><U56/><E39/><V6/><F6/><W45/><G9/><T87/><D26/><U117/><E117/><V124/><F124/><W121/><G110/><T15/><D15/><U101/><E126/><V57/><F57/><W21/><G33/><T66/><D81/><U69/><REACH who="1" step="1"/><E101/><REACH who="1" ten="427,369,177,17" step="2"/><V130/><F102/><W112/><G112/><T35/><D35/><U100/><E100/><V24/><F130/><W80/><G67/><AGARI ba="1,1" hai="13,19,20,56,58,61,63,64,67,69,71,113,114,115" machi="67" ten="40,12000,1" yaku="1,1,9,1,52,2,53,0" doraHai="62" doraHaiUra="97" who="1" fromWho="3" sc="427,0,369,133,177,0,17,-123" owari="427,23.0,502,60.0,177,-22.0,-106,-61.0" /></mjloggm>