<mjloggm ver="2.3"><GO type="169" lobby="0"/><UN n0="%E5%A4%95%E5%87%AA" n1="%E3%81%A8%E3%81%B3%E3%81%BE%E3%81%93" n2="%E3%83%9C%E3%82%A4%E3%83%AD%E5%B0%86%E6%A3%8B%E9%83%A8%E5%93%A1" n3="%E3%81%A8%E3%82%8A%E3%81%82%E3%81%88%E3%81%9A%E3%83%93%E3%83%BC%E3%83%AB" dan="17,17,17,16" rate="2126.67,2214.79,2151.22,2111.75" sx="M,M,M,M"/><TAIKYOKU oya="0"/><INIT seed="0,0,0,0,2,122" ten="250,250,250,250" oya="0" hai0="63,89,28,2,25,15,80,35,120,32,48,131,40" hai1="62,73,109,19,83,90,17,118,99,59,111,0,105" hai2="33,20,91,130,102,75,22,81,134,106,108,53,112" hai3="103,43,7,31,123,18,76,84,133,97,3,61,42"/><T104/><D120/><U78/><E118/><V115/><F33/><W49/><G133/><T64/><D2/><U39/><E39/><V24/><F53/><W27/><G123/><T44/><D131/><U1/><E1/><V16/><F134/><W67/><G18/><T71/><D15/><U124/><E0/><V30/><F130/><W58/><G3/><T87/><REACH who="0" step="1"/><D104/><REACH who="0" ten="240,250,250,250" step="2"/><U94/><E105/><V69/><F115/><W36/><G42/><T79/><D79/><U135/><E135/><V98/><F112/><W128/><G43/><T9/><D9/><U114/><E114/><V116/><F116/><W65/><G76/><T12/><D12/><U23/><E124/><V88/><F69/><W127/><G128/><T68/><D68/><U10/><E10/><V117/><F117/><W8/><G127/><T51/><D51/><U52/><REACH who="1" step="1"/><E19/><REACH who="1" ten="240,240,250,250" step="2"/><V101/><F106/><N who="3" m="63855" /><G36/><T46/><D46/><U54/><E54/><V119/><F119/><W95/><G8/><T86/><D86/><U121/><E121/><V50/><F16/><W100/><G84/><T129/><D129/><U70/><E70/><V56/><F75/><W34/><G7/><T14/><D14/><AGARI ba="0,2" hai="14,17,23,52,59,62,73,78,83,90,94,99,109,111" machi="14" ten="40,8000,1" yaku="1,1,52,2,54,1,53,0" doraHai="122" doraHaiUra="47" who="1" fromWho="0" sc="240,-80,240,100,250,0,250,0" /><INIT seed="1,0,0,5,1,46" ten="160,340,250,250" oya="1" hai0="135,120,36,2,132,6,80,126,118,62,10,7,28" hai1="0,54,109,34,72,31,122,70,45,49,128,114,74" hai2="5,116,14,93,63,83,17,121,21,48,98,99,91" hai3="67,11,66,127,79,16,37,111,75,89,81,94,77"/><U18/><E114/><V20/><F116/><W65/><G111/><T87/><D118/><U92/><E122/><V117/><F121/><W90/><G127/><T71/><D120/><U38/><E0/><V125/><F125/><W22/><G37/><T52/><D36/><U124/><E124/><V78/><F117/><W61/><G79/><T96/><D126/><U129/><E70/><V73/><F5/><W113/><G113/><T41/><D41/><U26/><E109/><V13/><F63/><W55/><G11/><T4/><D28/><U112/><E112/><V53/><F20/><W95/><G94/><T102/><D71/><U40/><E18/><V105/><F105/><W29/><G29/><T56/><D135/><U134/><E92/><V86/><REACH who="2" step="1"/><F13/><REACH who="2" ten="160,340,240,250" step="2"/><W8/><G8/><T25/><D132/><U32/><E134/><V57/><AGARI ba="0,1" hai="14,17,21,48,53,57,73,78,83,86,91,93,98,99" machi="57" ten="20,12000,2" yaku="1,1,2,1,0,1,7,1,25,2,52,1,53,0" doraHai="46" doraHaiUra="97" who="2" fromWho="2" sc="160,-30,340,-60,240,130,250,-30" /><INIT seed="2,0,0,3,2,76" ten="130,280,370,220" oya="2" hai0="100,39,2,93,28,85,62,3,80,69,97,5,127" hai1="78,108,114,12,56,40,49,45,99,25,109,89,38" hai2="42,86,52,13,128,96,135,34,26,16,18,94,84" hai3="6,129,72,102,36,22,104,30,46,134,1,115,95"/><V43/><F128/><W19/><G104/><T81/><D39/><U71/><E114/><V59/><F135/><W113/><G134/><T47/><D127/><U132/><E71/><V51/><F34/><W111/><G111/><N who="1" m="42570" /><E78/><V41/><F26/><W9/><G129/><T116/><D116/><U103/><E132/><V31/><F31/><W88/><G30/><T118/><D118/><U98/><E25/><V66/><F66/><W75/><G102/><T122/><D122/><U77/><E77/><V112/><F18/><W63/><G115/><T50/><D28/><U74/><E74/><V64/><F64/><W20/><G20/><T14/><D69/><U82/><E12/><V90/><REACH who="2" step="1"/><F112/><REACH who="2" ten="130,280,360,220" step="2"/><W92/><G113/><T10/><D62/><U70/><E70/><V32/><F32/><W60/><G63/><T133/><D133/><U58/><E103/><V68/><F68/><W0/><G60/><T15/><D100/><U33/><E33/><V65/><F65/><W17/><G19/><T44/><D5/><U126/><E126/><V27/><F27/><W29/><G29/><T120/><D120/><U117/><E117/><V11/><AGARI ba="0,1" hai="11,13,16,41,42,43,51,52,59,84,86,90,94,96" machi="11" ten="30,12000,1" yaku="1,1,0,1,8,1,54,2,53,0" doraHai="76" doraHaiUra="35" who="2" fromWho="2" sc="130,-40,280,-40,360,130,220,-40" /><INIT seed="2,1,0,4,2,48" ten="90,240,490,180" oya="2" hai0="21,70,104,35,96,69,111,26,71,52,63,99,112" hai1="13,83,105,121,113,55,68,132,37,123,100,125,5" hai2="103,75,47,43,66,17,87,108,115,118,61,62,28" hai3="31,90,54,72,95,57,77,117,131,9,107,10,29"/><V58/><F75/><W39/><G107/><T3/><D112/><U67/><E113/><V89/><F118/><W34/><G39/><T106/><D3/><U74/><E37/><V86/><F28/><W36/><G36/><T49/><D35/><U24/><E125/><V110/><F103/><W130/><G117/><T109/><D63/><U14/><E24/><V134/><F134/><W88/><G77/><T38/><D38/><U23/><E67/><V44/><F115/><W59/><G72/><T114/><D114/><U16/><E68/><V124/><F124/><W41/><G41/><T126/><D126/><U0/><E0/><V12/><F86/><W32/><REACH who="3" step="1"/><G95/><REACH who="3" ten="90,240,490,170" step="2"/><T20/><D106/><U19/><E105/><V11/><F43/><W40/><G40/><T79/><D79/><U84/><E74/><V122/><F122/><W50/><G50/><T73/><D73/><U101/><E132/><V25/><F108/><N who="0" m="41546" /><D104/><U127/><E127/><V102/><F110/><W135/><G135/><T128/><D128/><U42/><E42/><V1/><F62/><W93/><G93/><T45/><D20/><U97/><E123/><V98/><F61/><W91/><G91/><T81/><D81/><U78/><E121/><V33/><F89/><W133/><G133/><T56/><D45/><U2/><E101/><V7/><F102/><W80/><G80/><T46/><D46/><U82/><E100/><V120/><F44/><W53/><AGARI ba="1,1" hai="9,10,29,31,32,34,53,54,57,59,88,90,130,131" machi="53" ten="25,12000,2" yaku="1,1,0,1,22,2,52,2,54,1,53,0" doraHai="48" doraHaiUra="18" who="3" fromWho="3" sc="90,-31,240,-31,490,-61,170,133" /><INIT seed="3,0,0,2,3,90" ten="59,209,429,303" oya="3" hai0="135,25,91,85,118,31,124,84,80,109,17,74,32" hai1="82,0,121,37,119,117,20,71,35,102,99,73,78" hai2="114,4,110,29,34,39,41,104,28,18,42,108,133" hai3="6,95,56,50,97,72,92,27,98,14,132,83,8"/><W122/><G122/><T105/><D118/><N who="1" m="45067" /><E35/><V112/><F104/><W79/><G132/><T30/><D135/><U22/><E121/><V26/><F4/><W51/><G27/><T64/><D74/><U53/><E71/><V38/><F133/><W9/><G9/><T87/><D105/><N who="1" m="63711" /><E37/><V5/><F5/><W116/><G116/><T75/><D75/><U66/><E66/><V88/><F18/><W2/><G2/><T59/><D31/><U65/><E65/><V62/><F62/><W12/><G12/><T130/><D17/><U103/><E0/><V10/><F34/><W115/><G115/><T70/><D70/><U106/><E53/><V123/><F123/><W86/><G72/><T60/><D130/><U11/><E11/><V52/><F10/><W1/><G1/><T36/><D36/><U33/><E33/><V81/><F38/><W131/><G131/><T77/><D124/><U76/><E76/><V49/><F39/><W113/><G113/><T134/><D134/><U48/><E48/><N who="3" m="18474" /><G56/><T44/><D59/><U120/><E120/><V100/><F114/><W61/><G61/><T111/><D60/><U94/><E106/><V19/><F112/><W40/><G40/><T96/><D64/><U15/><E15/><V127/><F41/><W55/><G55/><T16/><D32/><U57/><E57/><V93/><F42/><W63/><G63/><T3/><D3/><U46/><E46/><V7/><F52/><W45/><G45/><T68/><D68/><U54/><E54/><V107/><F49/><W47/><G47/><T129/><D44/><RYUUKYOKU ba="0,0" sc="59,-15,209,15,429,-15,303,15" hai1="20,22,73,78,82,94,103" hai3="6,8,14,79,83,86,92,95,97,98" /><INIT seed="3,1,0,5,3,58" ten="44,224,414,318" oya="3" hai0="7,118,46,100,17,88,79,104,38,43,132,72,96" hai1="128,127,24,108,90,5,120,4,77,114,37,123,134" hai2="97,44,29,84,20,60,107,42,54,68,26,50,65" hai3="105,74,27,67,92,116,95,30,129,53,69,112,63"/><W36/><G116/><T21/><D118/><U48/><E37/><V18/><F84/><W57/><G105/><T6/><D132/><U119/><E90/><V0/><F0/><W70/><G112/><T2/><D2/><U101/><E48/><V75/><F75/><W102/><G129/><T87/><D79/><U78/><E101/><V47/><F18/><W85/><G74/><T52/><D72/><U31/><E78/><V86/><F86/><W35/><G36/><T76/><D76/><U55/><E55/><V14/><F14/><W135/><G135/><T40/><D40/><U61/><E61/><V45/><REACH who="2" step="1"/><F42/><REACH who="2" ten="44,224,404,318" step="2"/><W80/><G85/><T15/><REACH who="0" step="1"/><D52/><REACH who="0" ten="34,224,404,318" step="2"/><U126/><E77/><V10/><F10/><W64/><G53/><T99/><D99/><U93/><E134/><V32/><F32/><W12/><G35/><T3/><D3/><U89/><E119/><V34/><F34/><W62/><G67/><T71/><D71/><U41/><E41/><V66/><F66/><W51/><G64/><T9/><D9/><U49/><E114/><V130/><F130/><W125/><G69/><T82/><AGARI ba="1,2" hai="6,7,15,17,21,38,43,46,82,87,88,96,100,104" machi="82" ten="20,8000,1" yaku="1,1,0,1,7,1,54,1,53,1" doraHai="58" doraHaiUra="13" who="0" fromWho="0" sc="34,103,224,-21,404,-21,318,-41" /><INIT seed="4,0,0,1,2,26" ten="137,203,383,277" oya="0" hai0="47,4,122,133,30,7,91,14,89,93,46,12,67" hai1="110,64,135,102,55,103,44,75,25,50,59,108,37" hai2="131,65,85,61,105,27,10,49,36,73,33,82,8" hai3="134,24,39,116,1,52,81,88,115,76,3,6,0"/><T9/><D122/><U15/><E75/><V69/><F36/><W118/><G115/><T72/><D72/><U127/><E127/><V74/><F131/><W34/><G39/><T16/><D133/><U70/><E135/><V45/><F8/><W111/><G111/><T23/><D67/><U79/><E79/><V126/><F126/><W53/><G134/><T71/><D71/><U101/><E15/><V54/><F105/><W125/><G6/><T84/><D4/><U17/><E17/><V129/><F10/><W92/><G125/><T31/><D91/><U20/><E20/><V78/><F129/><W58/><G81/><T48/><D47/><U66/><E25/><V104/><F104/><W22/><G34/><T121/><D121/><U29/><E29/><V60/><F60/><W98/><G76/><T114/><D114/><U124/><E124/><V123/><F123/><W87/><G87/><T43/><AGARI ba="0,0" hai="7,9,12,14,16,23,30,31,43,46,48,84,89,93" machi="43" ten="20,18000,2" yaku="0,1,7,1,8,1,52,2,54,1" doraHai="26" who="0" fromWho="0" sc="137,180,203,-60,383,-60,277,-60" /><INIT seed="4,1,0,0,3,7" ten="317,143,323,217" oya="0" hai0="31,133,127,40,103,81,115,39,125,18,119,71,83" hai1="110,58,97,60,78,32,107,10,20,104,61,42,35" hai2="100,9,11,4,44,19,46,5,113,108,82,52,57" hai3="27,80,89,131,69,90,48,16,67,79,24,34,38"/><T49/><D119/><U114/><E110/><V15/><F108/><W76/><G38/><T28/><D39/><U59/><E78/><V6/><F113/><W121/><G131/><T86/><D71/><U41/><E20/><V95/><F82/><W126/><G126/><N who="0" m="48139" /><D81/><U111/><E97/><N who="2" m="59455" /><F9/><W88/><G121/><T43/><D103/><U36/><E111/><V91/><F91/><W30/><G48/><AGARI ba="1,0" hai="4,5,6,11,15,19,44,46,48,52,57" m="59455" machi="48" ten="30,3900,0" yaku="8,1,52,1,54,1" doraHai="7" who="2" fromWho="3" sc="317,0,143,0,323,42,217,-42" /><INIT seed="5,0,0,0,3,13" ten="317,143,365,175" oya="1" hai0="121,55,37,101,41,81,38,117,36,61,50,86,62" hai1="89,24,12,32,56,109,77,17,129,135,106,52,91" hai2="39,83,73,9,31,111,66,75,16,45,104,107,96" hai3="110,8,65,95,7,115,114,25,71,46,44,29,68"/><U130/><E106/><V43/><F111/><W19/><G110/><T103/><D117/><U64/><E109/><V4/><F31/><W2/><G95/><T92/><D121/><U15/><E77/><N who="2" m="44463" /><F75/><W40/><G65/><T127/><D127/><U21/><E64/><V118/><F118/><W20/><G29/><T23/><D41/><U48/><E135/><V42/><F42/><W98/><G98/><T5/><D5/><U10/><E32/><V124/><F124/><W63/><G63/><T119/><D92/><U108/><E15/><V33/><F33/><W123/><G46/><T87/><D23/><U69/><E69/><V79/><F79/><W93/><G93/><T113/><D113/><N who="3" m="43017" /><G123/><T78/><D36/><AGARI ba="0,0" hai="2,7,8,19,20,25,36,40,44,68,71" m="43017" machi="36" ten="30,2000,0" yaku="15,1,52,1" doraHai="13" who="3" fromWho="0" sc="317,-20,143,0,365,0,175,20" /><INIT seed="6,0,0,3,2,61" ten="297,143,365,195" oya="2" hai0="32,64,21,122,120,48,118,46,111,22,1,45,51" hai1="0,58,127,84,76,4,30,67,7,31,115,96,14" hai2="108,75,119,74,135,106,98,89,103,60,25,79,77" hai3="92,19,13,33,131,53,57,40,124,110,16,85,109"/><V68/><F25/><W126/><G131/><T18/><D1/><U100/><E0/><V83/><F119/><W39/><G33/><T116/><D18/><N who="3" m="6697" /><G13/><T104/><D104/><U41/><E41/><V6/><F6/><W2/><G2/><T114/><D111/><U44/><E44/><V125/><F135/><W37/><G40/><T34/><D114/><U94/><E115/><V42/><F42/><W132/><G132/><T117/><D117/><U69/><E69/><V15/><F15/><W101/><G101/><T80/><D80/><N who="1" m="47111" /><E127/><N who="3" m="48682" /><G85/><T35/><D35/><U11/><E7/><V38/><F103/><W93/><G57/><T56/><D56/><U129/><E129/><V95/><F74/><W82/><G53/><T134/><D134/><U3/><E3/><V63/><F75/><W20/><G20/><T78/><D78/><U112/><E112/><V128/><F77/><W102/><G82/><T88/><D34/><U5/><E5/><V62/><F83/><W29/><G29/><N who="1" m="10762" /><E58/><V28/><F125/><W54/><G54/><T107/><D32/><U43/><E43/><V52/><F28/><W87/><G102/><T23/><D118/><U81/><E81/><V86/><F79/><W130/><G130/><T70/><D45/><U8/><E8/><V113/><F128/><W105/><G105/><T26/><D46/><U121/><E121/><V97/><F113/><W123/><G123/><T65/><D122/><U36/><E36/><N who="3" m="13898" /><G87/><T9/><D120/><U55/><E55/><V17/><F106/><W72/><G72/><T50/><D107/><U133/><E133/><RYUUKYOKU ba="0,0" sc="297,-15,143,15,365,-15,195,15" hai1="4,11,14,67,94,96,100" hai3="92,93,109,110" /><INIT seed="7,1,0,5,2,0" ten="282,158,350,210" oya="3" hai0="30,75,102,69,132,103,20,133,7,115,74,53,44" hai1="116,81,32,129,79,59,105,40,25,87,111,54,68" hai2="117,78,67,66,63,85,42,14,31,3,17,43,104" hai3="127,98,38,110,86,73,70,119,61,10,12,80,135"/><W123/><G119/><T124/><D69/><U114/><E111/><V95/><F3/><W112/><G123/><T76/><D30/><U29/><E116/><V2/><F2/><W35/><G110/><T36/><D20/><U27/><E68/><V51/><F104/><W48/><G38/><T89/><D53/><U126/><E105/><V26/><F51/><W93/><G73/><T88/><D44/><U131/><E114/><V62/><F62/><W122/><G122/><T41/><D36/><U50/><E126/><V113/><F113/><W107/><G107/><T28/><D28/><U82/><E40/><V47/><F47/><W71/><G112/><T39/><D39/><U46/><E27/><V8/><F66/><W18/><G35/><T23/><D23/><U134/><E134/><V130/><F130/><W9/><G135/><T55/><D55/><U72/><REACH who="1" step="1"/><E46/><REACH who="1" ten="282,148,350,210" step="2"/><V100/><F42/><W108/><G127/><T94/><D41/><U118/><E118/><V64/><F43/><W120/><G108/><T77/><D115/><U13/><E13/><V58/><F117/><W33/><G120/><T6/><D124/><U22/><E22/><V92/><F26/><W60/><G71/><T101/><D133/><U19/><E19/><V16/><F17/><W5/><G70/><T1/><D1/><U37/><E37/><V125/><F125/><W90/><G33/><T45/><D45/><U4/><E4/><V97/><F16/><W24/><G24/><T83/><D6/><U84/><E84/><V128/><F85/><W121/><G5/><T57/><D7/><RYUUKYOKU ba="1,1" sc="282,-10,148,30,350,-10,210,-10" hai1="25,29,32,50,54,59,72,79,81,82,87,129,131" owari="272,7.0,178,-32.0,350,45.0,200,-20.0" /></mjloggm>