<mjloggm ver="2.3"><GO type="169" lobby="0"/><UN n0="%67%61%73%71%75%65%65%74" n1="%E3%81%A1%E3%82%83%E3%82%93%E3%81%8B%E3%82%8F" n2="%E7%9C%9F%E3%81%AE%E9%9B%80%E5%A3%AB%E3%81%86%E3%81%BE%E3%81%9F%E3%82%93" n3="%E6%98%8E%E6%97%A5%E3%81%8B%E3%82%89%E6%9C%AC%E6%B0%97%E5%87%BA%E3%81%99" dan="16,16,17,17" rate="2125.81,2069.07,2214.79,2095.04" sx="M,M,M,M"/><TAIKYOKU oya="0"/><INIT seed="0,0,0,4,1,91" ten="250,250,250,250" oya="0" hai0="103,100,27,33,81,48,105,62,65,73,17,38,46" hai1="61,50,5,125,29,93,30,102,89,63,101,121,128" hai2="131,83,11,78,88,59,90,31,67,41,129,70,2" hai3="19,24,21,4,119,133,51,18,134,57,8,44,3"/><T52/><D105/><U49/><E125/><V35/><F70/><W10/><G57/><T135/><D135/><N who="3" m="51721" /><G119/><T114/><D114/><U109/><E109/><V37/><F59/><W32/><G32/><T77/><D38/><U126/><E128/><N who="2" m="49227" /><F67/><W87/><G87/><T123/><D123/><U115/><E126/><V117/><F117/><W22/><G10/><T108/><D108/><U80/><E121/><V113/><F113/><W96/><G96/><T26/><D26/><U79/><E5/><N who="2" m="1463" /><F31/><N who="1" m="11785" /><E115/><V20/><F20/><N who="3" m="7787" /><G24/><T98/><D33/><U84/><E79/><V58/><F58/><W45/><G45/><T94/><D27/><U111/><E111/><V86/><F35/><W124/><G124/><T99/><D17/><U69/><E69/><V42/><F37/><W53/><AGARI ba="0,0" hai="3,4,8,18,19,44,51,53" m="7787,51721" machi="53" ten="30,1100,0" yaku="20,1" doraHai="91" who="3" fromWho="3" sc="250,-5,250,-3,250,-3,250,11" /><INIT seed="1,0,0,4,4,107" ten="245,247,247,261" oya="1" hai0="45,71,103,39,7,78,119,49,41,135,15,67,47" hai1="102,80,121,114,82,112,128,10,11,27,73,86,87" hai2="34,23,99,48,37,28,3,130,75,68,131,2,46" hai3="1,44,105,0,33,38,126,50,21,43,22,31,96"/><U40/><E102/><V63/><F34/><W115/><G115/><T83/><D119/><U32/><E32/><V59/><F37/><W116/><G116/><T60/><D135/><U93/><E93/><V134/><F68/><W69/><G126/><T18/><D103/><U85/><E40/><V77/><F99/><W8/><G50/><T65/><D65/><U76/><E121/><V81/><F134/><W6/><G22/><T132/><D132/><U74/><E27/><N who="2" m="16511" /><F59/><W70/><G21/><T88/><D7/><U13/><E128/><N who="2" m="49195" /><F63/><W62/><G62/><T92/><D78/><U35/><E35/><V14/><F14/><W53/><G53/><AGARI ba="0,0" hai="2,3,46,48,53,75,77,81" m="49195,16511" machi="53" ten="30,2000,0" yaku="19,1,52,1" doraHai="107" who="2" fromWho="3" sc="245,0,247,0,247,20,261,-20" /><INIT seed="2,0,0,5,4,102" ten="245,247,267,241" oya="2" hai0="116,81,99,118,36,1,135,4,128,97,42,133,54" hai1="23,87,3,119,8,39,115,21,78,53,127,20,7" hai2="92,110,27,61,44,91,9,76,79,107,75,93,117" hai3="134,125,5,50,15,46,32,105,77,55,0,129,10"/><V65/><F117/><N who="0" m="45162" /><D1/><U103/><E119/><V24/><F93/><W84/><G129/><T25/><D4/><U64/><E115/><V108/><F75/><W62/><G134/><N who="0" m="51211" /><D25/><N who="2" m="9802" /><F44/><W89/><G125/><T70/><D70/><U48/><E127/><V29/><F29/><W31/><G77/><T45/><D128/><U96/><E39/><V43/><F9/><W111/><G111/><N who="2" m="42537" /><F43/><W37/><G37/><T90/><D54/><U17/><E64/><V18/><F18/><W26/><G0/><T34/><D34/><U33/><E33/><V71/><F107/><W104/><REACH who="3" step="1"/><G62/><REACH who="3" ten="245,247,267,231" step="2"/><T72/><D72/><U52/><E3/><V40/><F40/><W113/><G113/><T95/><D81/><AGARI ba="0,1" hai="5,10,15,26,31,32,46,50,55,81,84,89,104,105" machi="81" ten="30,7700,0" yaku="1,1,7,1,52,2,53,0" doraHai="102" doraHaiUra="38" who="3" fromWho="0" sc="245,-77,247,0,267,0,231,87" /><INIT seed="3,0,0,2,4,121" ten="168,247,267,318" oya="3" hai0="22,103,105,76,37,16,104,36,10,98,31,32,41" hai1="6,61,66,120,127,102,34,128,3,70,64,7,117" hai2="51,1,77,116,40,24,109,92,33,135,131,97,58" hai3="68,44,90,79,129,21,2,87,132,67,110,13,81"/><W27/><G2/><T11/><D104/><U5/><E120/><V69/><F116/><W23/><G132/><T53/><D76/><U119/><E34/><V74/><F135/><W63/><G129/><T80/><D80/><U12/><E3/><V17/><F131/><W59/><G68/><T91/><D91/><U50/><E128/><V46/><F69/><W88/><G110/><T49/><D32/><U75/><E75/><V115/><F115/><W48/><G13/><T28/><D28/><U8/><E66/><V118/><F1/><W73/><G73/><T52/><D53/><U107/><E127/><V94/><F118/><N who="1" m="45065" /><E50/><V123/><F92/><W130/><G130/><T122/><D122/><U25/><E25/><V19/><F123/><W113/><G113/><T14/><D41/><U101/><E107/><V35/><F74/><W72/><G72/><T45/><REACH who="0" step="1"/><D31/><REACH who="0" ten="158,247,267,318" step="2"/><U4/><AGARI ba="0,1" hai="4,5,6,7,8,12,61,64,70,101,102" m="45065" machi="4" ten="30,1100,0" yaku="12,1" doraHai="121" who="1" fromWho="1" sc="158,-3,247,21,267,-3,318,-5" /><INIT seed="4,0,0,5,3,110" ten="155,268,264,313" oya="0" hai0="134,22,89,118,88,112,6,120,11,1,96,16,3" hai1="103,42,25,35,71,117,115,4,50,125,106,100,60" hai2="7,17,43,102,79,26,73,34,77,9,114,94,47" hai3="0,84,107,108,10,5,104,36,39,122,129,59,91"/><T70/><D120/><U64/><E117/><V130/><F114/><W30/><G108/><T21/><D118/><U66/><E66/><V69/><F130/><W33/><G122/><T132/><D70/><U81/><E4/><V135/><F135/><N who="0" m="51754" /><D1/><U28/><E125/><V20/><F69/><W98/><G129/><T23/><D112/><U52/><E115/><V55/><F55/><W127/><G127/><T119/><D119/><U76/><E42/><V101/><F34/><W62/><G33/><T87/><D96/><U92/><E92/><V83/><F79/><W124/><G98/><T8/><D87/><U75/><E106/><V40/><F94/><W105/><G124/><T111/><D111/><U2/><E2/><N who="2" m="247" /><F43/><W32/><G32/><T95/><D95/><U51/><E51/><V131/><F131/><W41/><G84/><T27/><D27/><U14/><E14/><AGARI ba="0,0" hai="3,6,8,11,14,16,21,22,23,88,89" m="51754" machi="14" ten="30,5800,0" yaku="20,1,54,2" doraHai="110" who="0" fromWho="1" sc="155,58,268,-58,264,0,313,0" /><INIT seed="4,1,0,5,4,55" ten="213,210,264,313" oya="0" hai0="67,78,37,104,100,110,6,18,47,113,58,59,10" hai1="124,35,49,127,81,135,132,107,71,61,54,98,22" hai2="82,66,88,79,118,7,30,106,109,114,9,45,64" hai3="108,91,133,29,52,15,51,123,90,130,34,125,43"/><T112/><D110/><U105/><E35/><V48/><F114/><N who="0" m="44138" /><D67/><N who="1" m="41455" /><E81/><V126/><F118/><W25/><G108/><T103/><D18/><U120/><E22/><V16/><F126/><N who="1" m="48169" /><E98/><V93/><F30/><W131/><G125/><T36/><D78/><U31/><E31/><V95/><F106/><N who="1" m="40457" /><E120/><V26/><F109/><W63/><G123/><T13/><D104/><U53/><E53/><N who="2" m="29839" /><F7/><W20/><G43/><N who="0" m="23015" /><D37/><U73/><E73/><V69/><F79/><W128/><G34/><T80/><D80/><U23/><E23/><N who="2" m="13671" /><F9/><W75/><G75/><T2/><D2/><U33/><E33/><V38/><F38/><W116/><G116/><T86/><D86/><U65/><E65/><N who="2" m="25195" /><F69/><W122/><G122/><T134/><D134/><U76/><E76/><V121/><F121/><W44/><G133/><T119/><D119/><U17/><E17/><V11/><F11/><W77/><G77/><T4/><D6/><U12/><E12/><V62/><F82/><W3/><G3/><T41/><D41/><U68/><E68/><V32/><F32/><W21/><G15/><T0/><D0/><U89/><E135/><V39/><F39/><W50/><G20/><T27/><D27/><U60/><E132/><V94/><F94/><W56/><G51/><T96/><D10/><U117/><E117/><V97/><F95/><W24/><G24/><T74/><D74/><U101/><E49/><V99/><F99/><W8/><G8/><N who="0" m="4231" /><D96/><U84/><E84/><V72/><F72/><W19/><G19/><T92/><D92/><U83/><E83/><V42/><F42/><N who="3" m="24855" /><G29/><T87/><D87/><RYUUKYOKU ba="1,0" sc="213,10,210,-30,264,10,313,10" hai0="58,59,100,103" hai2="62,88,93,97" hai3="21,25,52,56,63,90,91,128,130,131" /><INIT seed="4,2,0,2,1,97" ten="223,180,274,323" oya="0" hai0="111,47,36,83,31,124,96,127,109,99,3,0,122" hai1="34,5,21,95,45,27,23,104,131,126,42,87,76" hai2="67,29,14,75,6,130,43,110,129,71,32,78,55" hai3="85,63,20,125,65,53,74,19,102,15,4,91,116"/><T117/><D31/><U64/><E104/><V100/><F110/><N who="0" m="41994" /><D122/><U72/><E72/><V16/><F6/><W11/><G116/><T50/><D117/><U13/><E64/><V94/><F43/><W66/><G74/><T38/><D83/><U88/><E126/><N who="0" m="48169" /><D50/><U35/><E131/><V103/><F29/><W44/><G125/><T92/><D47/><U77/><E34/><V24/><F32/><W37/><G37/><N who="0" m="14443" /><D92/><U118/><E35/><V48/><F94/><W133/><G44/><T12/><D12/><U30/><E118/><V121/><F121/><W79/><G79/><T18/><D18/><U39/><REACH who="1" step="1"/><E23/><REACH who="1" ten="223,170,274,323" step="2"/><V132/><F130/><W135/><G66/><T89/><D89/><U134/><E134/><V61/><F132/><W123/><G65/><T28/><D28/><U26/><E26/><V101/><F24/><W90/><G90/><T46/><D46/><U2/><E2/><AGARI ba="2,1" hai="0,2,3,96,99" m="14443,48169,41994" machi="2" ten="40,12000,1" yaku="28,2,10,1,18,1" doraHai="97" who="0" fromWho="1" sc="223,136,170,-126,274,0,323,0" /><INIT seed="4,3,0,1,0,135" ten="359,44,274,323" oya="0" hai0="95,56,96,14,80,84,2,36,108,65,88,85,59" hai1="112,13,82,69,76,30,31,66,58,62,110,115,92" hai2="8,54,87,32,17,55,93,15,44,107,91,26,53" hai3="102,16,104,28,75,10,27,109,119,73,118,130,34"/><T105/><D2/><U126/><E110/><V117/><F107/><W123/><G109/><T97/><D108/><U60/><E92/><V40/><F117/><W22/><G130/><T49/><D36/><U131/><E13/><V12/><F32/><W127/><G123/><T3/><D3/><U4/><E4/><V48/><F15/><W20/><G10/><T86/><D105/><U70/><E131/><V9/><REACH who="2" step="1"/><F26/><REACH who="2" ten="359,44,264,323" step="2"/><W99/><G34/><T134/><D134/><U67/><E58/><V111/><F111/><W43/><G119/><T98/><D14/><U120/><E120/><V121/><F121/><W42/><G118/><T18/><D59/><U81/><REACH who="1" step="1"/><E76/><REACH who="1" ten="359,34,264,323" step="2"/><V0/><F0/><W1/><G1/><T116/><D116/><U52/><E52/><V106/><F106/><W113/><G104/><T68/><D56/><U77/><E77/><V5/><F5/><W100/><G43/><T101/><D101/><U71/><E71/><V21/><AGARI ba="3,2" hai="8,9,12,17,21,40,44,48,53,54,55,87,91,93" machi="21" ten="30,4000,0" yaku="1,1,0,1,8,1,53,0" doraHai="135" doraHaiUra="132" who="2" fromWho="2" sc="359,-23,34,-13,264,69,323,-13" /><INIT seed="5,0,0,3,0,117" ten="336,21,333,310" oya="1" hai0="19,129,134,113,49,99,95,87,37,101,78,91,46" hai1="82,44,126,80,63,131,16,112,60,22,54,27,90" hai2="47,124,116,13,15,3,9,55,111,53,128,10,71" hai3="72,92,43,2,62,81,89,21,51,36,57,115,86"/><U106/><E106/><V108/><F116/><W25/><G115/><T7/><D113/><U98/><E112/><V135/><F71/><W77/><G36/><T83/><D129/><U97/><E131/><V56/><F3/><W58/><G2/><T103/><D134/><U74/><E126/><V75/><F128/><W23/><G23/><T35/><D37/><U122/><E122/><V102/><F135/><W12/><G12/><T73/><D35/><U0/><E0/><V105/><F75/><W32/><G32/><T125/><D125/><U132/><E132/><V68/><F68/><W28/><G62/><N who="1" m="23594" /><E74/><V26/><F124/><W6/><REACH who="3" step="1"/><G6/><REACH who="3" ten="336,21,333,300" step="2"/><T114/><D114/><U20/><E22/><V8/><F26/><W65/><G65/><T121/><D7/><U40/><E40/><V118/><F118/><W109/><G109/><T70/><D70/><U38/><E38/><V69/><F69/><W130/><G130/><T104/><D19/><U4/><E4/><V50/><F111/><W42/><G42/><N who="0" m="24791" /><D121/><U24/><E24/><V34/><F34/><W119/><G119/><T5/><D5/><U93/><E97/><N who="2" m="61647" /><F108/><W17/><G17/><T29/><D29/><U76/><E76/><V14/><F14/><W33/><G33/><T94/><D78/><U30/><E30/><V41/><F41/><W45/><AGARI ba="0,1" hai="21,25,28,43,45,51,57,58,72,77,81,86,89,92" machi="45" ten="30,2000,0" yaku="1,1,0,1,53,0" doraHai="117" doraHaiUra="64" who="3" fromWho="3" sc="336,-5,21,-10,333,-5,300,30" /><INIT seed="6,0,0,4,4,29" ten="331,11,328,330" oya="2" hai0="86,127,39,126,5,4,27,24,18,89,14,105,118" hai1="134,20,17,11,81,7,34,9,107,91,42,31,70" hai2="123,61,49,65,45,56,75,46,38,13,73,25,115" hai3="85,35,10,32,109,82,15,88,43,50,16,99,6"/><V94/><F123/><W22/><G109/><T8/><D105/><U132/><E70/><V135/><F115/><W28/><G28/><T97/><D97/><U103/><E42/><V104/><F104/><W119/><G119/><T96/><D96/><U133/><E91/><V48/><F38/><W95/><G43/><T80/><D39/><U90/><E90/><V52/><F25/><N who="0" m="9802" /><D118/><U3/><E81/><V58/><F135/><W74/><G74/><T57/><D57/><U87/><E87/><V106/><F106/><W101/><G50/><T0/><D0/><AGARI ba="0,0" hai="0,6,10,15,16,22,32,35,82,85,88,95,99,101" machi="0" ten="30,8000,1" yaku="7,1,52,2,54,2" doraHai="29" who="3" fromWho="0" sc="331,-80,11,0,328,0,330,80" /><INIT seed="7,0,0,5,5,62" ten="251,11,328,410" oya="3" hai0="22,128,127,94,90,43,28,42,30,111,70,75,123" hai1="107,3,24,38,83,39,34,52,126,46,133,84,50" hai2="86,18,92,36,79,72,32,120,132,20,21,19,60" hai3="17,63,80,2,58,131,76,56,124,95,64,29,77"/><W89/><G2/><T27/><D123/><U45/><E107/><V96/><F32/><W16/><G131/><T82/><D111/><U47/><E3/><V85/><F72/><W108/><G124/><T134/><D134/><U130/><E34/><V10/><F132/><W23/><G108/><T100/><D127/><U26/><E84/><N who="2" m="32363" /><F36/><W91/><G58/><T78/><D128/><U112/><E83/><V73/><F73/><W5/><G5/><T15/><D100/><U1/><E1/><V67/><F120/><W33/><G33/><T57/><D70/><U8/><E8/><V97/><F79/><N who="3" m="30283" /><G80/><T71/><D71/><U51/><E133/><V125/><F125/><W69/><G69/><T135/><D135/><U0/><E126/><V41/><F41/><W40/><G40/><T37/><D37/><U7/><E130/><V74/><F74/><W6/><G6/><T106/><D106/><U102/><E7/><V87/><F10/><W14/><G29/><T54/><D30/><U93/><E0/><V12/><F92/><W129/><G129/><T117/><D117/><U119/><E93/><V104/><F104/><W113/><G95/><T35/><D94/><U59/><E102/><V53/><F87/><W114/><G17/><T65/><D90/><U55/><E119/><V4/><F19/><W103/><G103/><T101/><D101/><U115/><E26/><V11/><F18/><W44/><G44/><N who="1" m="11266" /><U121/><DORA hai="109" /><E24/><V66/><F4/><W68/><G68/><T98/><D27/><U118/><E118/><V31/><F31/><W105/><G105/><RYUUKYOKU ba="0,0" sc="251,-10,11,-10,328,-10,410,30" hai3="14,16,23,56,63,64,89,91,113,114" owari="241,-16.0,1,-50.0,318,12.0,440,54.0" /></mjloggm>