<mjloggm ver="2.3"><GO type="169" lobby="0"/><UN n0="%79%6F%75%61%6C%70%68%61" n1="%E3%81%88%E3%81%B3%E3%81%BE%E3%82%88%E3%82%93" n2="%E3%81%8F%E3%82%8B%E3%82%8B" n3="%E8%99%9A%E6%9C%88%E9%9B%AA" dan="17,16,16,16" rate="2226.17,2151.95,2173.77,2097.38" sx="M,M,M,M"/><TAIKYOKU oya="0"/><INIT seed="0,0,0,0,5,106" ten="250,250,250,250" oya="0" hai0="69,134,135,49,19,4,13,66,112,79,132,90,48" hai1="45,86,75,29,104,58,47,107,120,25,56,14,98" hai2="30,129,18,92,23,83,101,17,122,36,111,128,127" hai3="9,59,53,125,126,33,34,31,70,124,24,94,60"/><T131/><D112/><U20/><E120/><V73/><F122/><W61/><G94/><T55/><D131/><N who="2" m="50250" /><F111/><W68/><G9/><T7/><D79/><U80/><E104/><V41/><F127/><W121/><G121/><T99/><D69/><U109/><E109/><V12/><F30/><W113/><G113/><T81/><D66/><U76/><E14/><V63/><F63/><W46/><G46/><T3/><D3/><U8/><E8/><V119/><F119/><W15/><G15/><T32/><D32/><N who="3" m="12393" /><G61/><T1/><D49/><U6/><E6/><V77/><F18/><W89/><G89/><T65/><D65/><U72/><E47/><N who="2" m="23975" /><F92/><W10/><G10/><T96/><D1/><U102/><REACH who="1" step="1"/><E45/><REACH who="1" ten="250,240,250,250" step="2"/><V84/><F101/><W78/><G78/><T22/><D4/><U21/><E21/><AGARI ba="0,1" hai="21,24,31,53,59,60,68,70,124,125,126" m="12393" machi="21" ten="40,1300,0" yaku="18,1" doraHai="106" who="3" fromWho="1" sc="250,0,240,-13,250,0,250,23" /><INIT seed="1,0,0,1,5,56" ten="250,227,250,273" oya="1" hai0="13,130,36,19,81,121,29,99,75,83,17,103,112" hai1="131,22,127,55,104,0,106,39,62,68,74,61,40" hai2="128,46,65,1,67,135,119,41,60,25,43,72,101" hai3="34,95,90,94,30,9,63,66,8,53,33,124,89"/><U70/><E74/><V10/><F119/><W69/><G124/><T23/><D112/><U24/><E0/><V32/><F72/><W14/><G53/><T35/><D36/><U125/><E131/><V88/><F101/><W50/><G50/><T85/><D121/><U91/><E55/><V87/><F128/><W59/><G69/><N who="1" m="26730" /><E40/><V82/><F135/><W92/><G30/><T102/><D75/><U96/><E91/><V107/><F107/><N who="1" m="41001" /><E96/><V16/><F67/><W49/><G49/><T109/><D102/><U132/><E39/><V84/><F87/><W45/><G45/><T42/><D99/><U120/><E120/><V3/><F43/><W37/><G37/><T105/><D103/><U5/><E5/><V4/><F3/><W113/><G113/><T116/><D105/><U31/><E132/><V6/><F6/><W51/><G51/><T58/><D42/><U115/><E115/><V118/><F46/><W97/><G94/><T52/><D85/><U47/><E47/><V114/><F41/><W18/><G9/><T79/><D52/><U38/><E38/><V76/><F114/><W20/><G20/><T100/><D23/><U126/><AGARI ba="0,0" hai="22,24,31,61,62,125,126,127" m="41001,26730" machi="126" ten="40,7800,0" yaku="18,1,52,2" doraHai="56" who="1" fromWho="1" sc="250,-26,227,78,250,-26,273,-26" /><INIT seed="1,1,0,5,4,8" ten="224,305,224,247" oya="1" hai0="57,14,16,120,48,111,63,125,99,18,65,119,75" hai1="128,12,126,93,46,95,70,71,76,40,116,22,15" hai2="129,0,121,88,31,96,109,132,51,2,25,20,41" hai3="27,55,39,58,94,60,38,64,45,98,3,78,92"/><U44/><E116/><V33/><F121/><W6/><G78/><T17/><D120/><U35/><E35/><V26/><F109/><W89/><G27/><T11/><D119/><U13/><E128/><V135/><F129/><W113/><G113/><T127/><D111/><U82/><E126/><N who="0" m="48137" /><D75/><U1/><E1/><V4/><F41/><W86/><G6/><T133/><D133/><N who="2" m="51274" /><F51/><W32/><G32/><T36/><D36/><U77/><E22/><V134/><N who="2" m="51282" /><V117/><DORA hai="108" /><F117/><W100/><G3/><T24/><D99/><U47/><E40/><V91/><F4/><W101/><G101/><T85/><D85/><U72/><REACH who="1" step="1"/><E77/><REACH who="1" ten="224,295,224,247" step="2"/><V105/><F0/><W52/><G38/><T107/><D24/><U50/><E50/><V21/><F2/><W90/><G39/><T131/><D131/><U42/><E42/><V34/><F33/><W56/><G45/><T79/><D79/><U30/><E30/><N who="2" m="17711" /><F34/><W97/><REACH who="3" step="1"/><G56/><REACH who="3" ten="224,295,224,237" step="2"/><T49/><D57/><U104/><E104/><AGARI ba="1,2" hai="52,55,58,60,64,86,89,90,92,94,97,98,100,104" machi="104" ten="30,8000,1" yaku="1,1,2,1,7,1,54,1,53,1" doraHai="8,108" doraHaiUra="54,73" who="3" fromWho="1" sc="224,0,295,-83,224,0,237,103" /><INIT seed="2,0,0,4,2,83" ten="224,212,224,340" oya="2" hai0="16,47,3,128,20,111,68,74,49,15,29,41,61" hai1="124,86,102,127,50,75,67,113,84,121,134,40,13" hai2="104,5,94,48,12,78,59,101,18,72,90,51,71" hai3="122,79,118,6,133,11,22,37,116,56,42,82,39"/><V4/><F71/><W8/><G122/><T89/><D111/><U21/><E113/><V25/><F104/><W10/><G133/><T32/><D128/><U112/><E75/><V60/><F101/><W70/><G70/><T35/><D74/><U57/><E102/><V46/><F25/><W64/><G22/><T76/><D76/><U132/><E112/><V26/><F26/><W31/><G31/><T1/><D29/><U52/><E40/><V69/><F69/><W19/><G19/><T95/><D1/><U92/><E67/><V108/><F108/><W17/><G17/><T30/><D3/><U117/><E92/><V14/><F78/><W123/><G123/><T125/><D125/><N who="1" m="48203" /><E117/><V119/><F119/><W2/><G116/><T34/><D30/><U99/><E99/><V62/><F60/><W96/><G118/><T93/><REACH who="0" step="1"/><D89/><REACH who="0" ten="214,212,224,340" step="2"/><U131/><E131/><V9/><F72/><W7/><G2/><T91/><D91/><U115/><E115/><V130/><F130/><W38/><G79/><T65/><AGARI ba="0,1" hai="15,16,20,32,34,35,41,47,49,61,65,68,93,95" machi="65" ten="40,5200,0" yaku="1,1,0,1,54,1,53,0" doraHai="83" doraHaiUra="126" who="0" fromWho="0" sc="214,62,212,-13,224,-26,340,-13" /><INIT seed="3,0,0,3,4,41" ten="276,199,198,327" oya="3" hai0="89,132,23,29,55,93,44,97,28,112,114,65,1" hai1="18,74,53,105,58,88,127,135,16,96,85,35,7" hai2="72,75,39,59,64,22,99,20,10,111,84,106,17" hai3="26,110,130,128,15,27,133,21,24,115,94,109,47"/><W95/><G115/><N who="0" m="44075" /><D1/><U131/><E127/><V57/><F111/><N who="3" m="42507" /><G133/><T45/><D132/><U87/><E135/><V116/><F39/><W61/><G61/><T78/><D65/><U70/><E131/><N who="3" m="50218" /><G47/><N who="0" m="17995" /><D78/><U31/><E70/><V121/><F121/><W5/><G21/><T77/><D77/><U71/><E71/><V113/><F20/><W82/><G82/><T124/><D124/><U42/><E42/><V13/><F22/><W108/><N who="3" m="42515" /><W63/><DORA hai="73" /><G63/><T66/><D66/><U62/><E62/><V104/><F64/><W67/><G67/><T4/><D4/><U102/><E7/><V8/><F57/><W12/><G5/><T107/><D107/><U40/><E105/><V81/><F59/><W3/><G3/><T30/><D55/><U86/><E53/><V122/><F104/><W118/><G118/><T52/><D52/><U32/><E40/><V14/><F106/><W103/><G103/><T49/><D49/><U37/><E102/><V56/><F116/><W79/><G79/><T0/><D0/><U48/><E48/><V120/><F113/><W119/><G119/><T34/><D23/><U25/><E58/><V11/><F56/><W92/><AGARI ba="0,0" hai="12,15,24,26,27,92,94,95" m="50218,42515" machi="92" ten="50,12000,1" yaku="28,2,14,1,10,1,19,1" doraHai="41,73" who="3" fromWho="3" sc="276,-40,199,-40,198,-40,327,120" /><INIT seed="3,1,0,5,3,92" ten="236,159,158,447" oya="3" hai0="78,131,77,57,127,49,86,134,119,34,107,103,28" hai1="121,0,122,36,19,41,54,82,112,71,100,30,67" hai2="25,114,113,13,9,133,95,83,94,98,108,87,7" hai3="123,68,135,115,17,45,56,58,33,70,14,2,16"/><W79/><G123/><T51/><D119/><U18/><E112/><V63/><F108/><W10/><G2/><T96/><D131/><U62/><E0/><V85/><F133/><W38/><G115/><T109/><D109/><U39/><E30/><V74/><F74/><W130/><G135/><T31/><D127/><U84/><E100/><V59/><F94/><W75/><G130/><T126/><D126/><U89/><E54/><V23/><F83/><W27/><G75/><T90/><D134/><U76/><E39/><V111/><F111/><W24/><G79/><T101/><D101/><U93/><E41/><V118/><F118/><W15/><G45/><T60/><D34/><U20/><E36/><V81/><F81/><W12/><G38/><T8/><D8/><U97/><REACH who="1" step="1"/><E18/><REACH who="1" ten="236,149,158,447" step="2"/><N who="3" m="7274" /><G10/><T52/><D28/><U72/><E72/><V128/><F128/><W4/><G4/><T40/><D31/><U29/><E29/><N who="2" m="17599" /><F113/><W66/><G33/><T26/><D40/><U102/><E102/><N who="2" m="60767" /><F114/><W37/><G37/><T46/><D103/><U55/><E55/><AGARI ba="1,1" hai="7,9,13,55,59,63,85,87" m="60767,17599" machi="55" ten="30,2000,0" yaku="8,1,52,1" doraHai="92" who="2" fromWho="1" sc="236,0,149,-23,158,33,447,0" /><INIT seed="4,0,0,4,4,81" ten="236,126,191,447" oya="0" hai0="71,31,38,69,105,39,1,16,15,53,115,37,80" hai1="100,9,34,6,8,132,56,57,78,21,126,46,66" hai2="79,135,59,83,122,121,110,130,26,72,2,120,87" hai3="49,77,89,134,11,22,13,65,17,62,43,27,48"/><T90/><D115/><U29/><E126/><V114/><F2/><W113/><G113/><T45/><D105/><U47/><E132/><V82/><F26/><W103/><G134/><T61/><D1/><U119/><E34/><V23/><F114/><W70/><G77/><T28/><D69/><U54/><E119/><V36/><F36/><W107/><G43/><T20/><D71/><U111/><E111/><V94/><F23/><W12/><G12/><T112/><D112/><U93/><E78/><N who="2" m="44359" /><F59/><N who="1" m="22601" /><E66/><V73/><F135/><W125/><G125/><T50/><REACH who="0" step="1"/><D61/><REACH who="0" ten="226,126,191,447" step="2"/><U68/><E68/><V55/><F122/><W76/><G62/><T25/><D25/><N who="1" m="16559" /><E6/><V75/><F120/><W98/><G70/><T19/><D19/><U0/><E0/><V51/><F121/><W30/><G107/><T101/><D101/><U97/><E47/><V35/><F110/><W123/><G103/><T7/><D7/><U44/><E46/><V58/><F73/><W42/><G123/><T131/><D131/><U124/><E124/><V128/><F130/><W88/><G27/><T95/><D95/><U40/><E40/><V133/><F128/><W104/><G42/><T63/><D63/><U3/><E3/><V85/><F133/><W84/><G104/><T41/><D41/><U60/><E60/><V74/><F74/><W4/><G4/><T24/><D24/><U129/><E129/><V32/><F94/><W92/><G92/><T86/><AGARI ba="0,1" hai="15,16,20,28,31,37,38,39,45,50,53,80,86,90" machi="86" ten="40,12000,1" yaku="1,1,0,1,52,1,54,1,53,1" doraHai="81" doraHaiUra="10" who="0" fromWho="0" sc="226,130,126,-40,191,-40,447,-40" /><INIT seed="4,1,0,0,0,67" ten="356,86,151,407" oya="0" hai0="99,104,17,31,107,5,122,121,48,44,12,127,129" hai1="79,78,132,81,110,25,126,95,120,100,105,113,103" hai2="26,135,22,1,87,62,40,54,29,97,42,28,21" hai3="46,16,80,133,85,86,53,2,131,36,35,14,7"/><T117/><D117/><U3/><E110/><V93/><F135/><W111/><G111/><T41/><D129/><U75/><E3/><V56/><F87/><W108/><G108/><T74/><D74/><N who="1" m="43223" /><E25/><N who="2" m="16431" /><F1/><W30/><G133/><T73/><D73/><U92/><E132/><V10/><F10/><W119/><G119/><T63/><D127/><U4/><E4/><V66/><F54/><W128/><G7/><T109/><D109/><U70/><E70/><V96/><F96/><W101/><G101/><AGARI ba="1,0" hai="22,26,29,40,42,56,62,66,93,97,101" m="16431" machi="101" ten="30,2000,0" yaku="25,1,8,1" doraHai="67" who="2" fromWho="3" sc="356,0,86,0,151,23,407,-23" /><INIT seed="5,0,0,2,3,69" ten="356,86,174,384" oya="1" hai0="19,115,60,104,35,101,106,8,131,70,37,72,14" hai1="73,39,112,31,75,133,1,52,24,113,91,25,81" hai2="120,90,63,78,6,21,42,4,64,77,68,67,2" hai3="124,49,50,114,58,45,128,54,57,48,13,117,116"/><U89/><E39/><V129/><F120/><W94/><G94/><T119/><D119/><N who="3" m="45641" /><G13/><T103/><D72/><U3/><E81/><V41/><F129/><W53/><G128/><T92/><D35/><U74/><E31/><V46/><F21/><W127/><G114/><N who="1" m="44138" /><E52/><AGARI ba="0,0" hai="45,48,49,50,52,53,54,57,58,124,127" m="45641" machi="52" ten="30,7700,0" yaku="12,1,34,2,54,1" doraHai="69" who="3" fromWho="1" sc="356,0,86,-77,174,0,384,77" /><INIT seed="6,0,0,3,5,81" ten="356,9,174,461" oya="2" hai0="55,109,126,31,53,86,43,128,98,110,116,17,125" hai1="71,93,61,5,92,83,74,133,11,91,63,28,123" hai2="117,22,65,52,64,132,16,10,105,90,4,54,88" hai3="94,127,20,25,29,57,42,131,12,38,68,80,75"/><V30/><F117/><W102/><G127/><N who="0" m="48651" /><D31/><U66/><E133/><V50/><F132/><W87/><G75/><T48/><D128/><U97/><E123/><V14/><F105/><W45/><G68/><T60/><D116/><U58/><E92/><V23/><F30/><W33/><G131/><T62/><D98/><N who="1" m="57663" /><E28/><V9/><F9/><W135/><G135/><T0/><D0/><N who="1" m="423" /><E97/><V70/><F70/><W89/><G57/><T3/><D3/><U15/><E15/><V37/><F37/><W1/><G1/><T44/><D17/><U40/><E40/><V39/><F39/><W112/><G112/><T129/><D86/><U115/><E115/><V18/><F18/><W67/><G67/><N who="2" m="25673" /><F54/><N who="0" m="20490" /><D129/><U99/><E99/><V73/><F73/><W82/><G102/><T104/><D104/><U13/><E13/><N who="2" m="9487" /><F23/><W27/><G12/><T56/><D56/><AGARI ba="0,0" hai="4,10,14,50,52,56,88,90" m="9487,25673" machi="56" ten="30,11600,0" yaku="8,1,54,3" doraHai="81" who="2" fromWho="0" sc="356,-116,9,0,174,116,461,0" /><INIT seed="6,1,0,1,4,5" ten="240,9,290,461" oya="2" hai0="14,60,89,48,16,121,135,94,127,79,62,6,81" hai1="100,69,115,59,76,37,97,133,7,51,84,93,65" hai2="64,32,3,74,88,52,70,33,120,125,107,67,22" hai3="41,126,75,30,24,54,95,38,109,9,39,19,130"/><V119/><F120/><W83/><G109/><T131/><D121/><U99/><E115/><V25/><F119/><W26/><G126/><T117/><D131/><U113/><E133/><V4/><F125/><W40/><G130/><T123/><D123/><U18/><E113/><V56/><F74/><W106/><G106/><T80/><D135/><U57/><E7/><V101/><F3/><W61/><G95/><T66/><D117/><U34/><E34/><V87/><F4/><W103/><G103/><T45/><D6/><U28/><E18/><V23/><F70/><W46/><G83/><T104/><D104/><N who="1" m="63503" /><E28/><V102/><F107/><W15/><G75/><T72/><D81/><N who="1" m="47143" /><E37/><V27/><F87/><W112/><G112/><T12/><D12/><U73/><E73/><V2/><F2/><W71/><G30/><T31/><D31/><U92/><E92/><V96/><F96/><W13/><G13/><T122/><D127/><U0/><E0/><V42/><F42/><W58/><G71/><T105/><D105/><U91/><E51/><V82/><F82/><W68/><G68/><T98/><D122/><U29/><E29/><V36/><F56/><N who="1" m="21577" /><E69/><V44/><F44/><AGARI ba="1,0" hai="9,15,19,24,26,38,39,40,41,44,46,54,58,61" machi="44" ten="40,2600,0" yaku="9,1,52,1" doraHai="5" who="3" fromWho="2" sc="240,0,9,0,290,-29,461,29" /><INIT seed="7,0,0,3,4,110" ten="240,9,261,490" oya="3" hai0="55,39,116,35,57,11,56,63,69,76,48,74,78" hai1="17,13,25,98,34,65,101,131,91,33,107,96,5" hai2="79,29,16,8,122,124,14,129,4,3,41,59,44" hai3="68,105,32,82,72,128,127,61,71,31,47,7,1"/><W114/><G127/><T20/><D116/><U51/><E131/><V81/><F129/><W130/><G47/><T62/><D35/><N who="1" m="13323" /><E25/><V2/><F122/><W30/><G105/><T75/><D39/><U10/><E51/><V103/><F103/><W106/><G106/><T132/><D132/><U37/><E65/><V111/><F111/><W88/><G88/><T50/><D11/><N who="1" m="6335" /><E96/><V104/><F124/><W97/><G97/><T109/><D109/><U19/><E19/><V125/><F104/><W28/><G32/><T9/><D9/><U60/><E60/><V45/><F29/><W18/><G18/><T15/><D15/><N who="1" m="5583" /><E91/><V92/><F92/><W52/><G68/><T123/><D123/><U54/><E54/><V86/><F125/><W133/><G71/><T46/><D69/><U89/><E89/><V0/><F59/><W126/><G52/><T117/><D117/><U43/><E43/><V24/><F24/><W21/><G61/><T12/><D75/><U22/><E22/><V73/><F73/><W121/><G72/><T77/><D74/><U67/><E67/><V58/><F58/><N who="0" m="22634" /><D50/><U23/><E23/><N who="2" m="11671" /><F44/><W87/><G21/><T85/><D85/><U6/><E6/><V49/><F0/><W102/><G1/><T70/><D70/><U112/><E112/><V90/><F2/><W83/><G114/><T40/><D40/><U36/><E36/><V53/><F41/><W95/><G7/><T27/><D27/><U108/><E108/><V64/><F64/><W94/><G126/><T26/><D26/><U113/><E113/><V99/><F99/><RYUUKYOKU ba="0,0" sc="240,10,9,10,261,10,490,-30" hai0="12,20,46,48,55,62,63,76,77,78" hai1="37,98,101,107" hai2="3,4,8,45,49,53,79,81,86,90" owari="250,-15.0,19,-48.0,271,7.0,460,56.0" /></mjloggm>