<mjloggm ver="2.3"><GO type="169" lobby="0"/><UN n0="%6C%65%6F%31%36%30" n1="%E3%83%AA%E3%83%83%E3%83%97%E3%83%AB%E3%83%A9%E3%83%83%E3%83%97%E3%83%AB" n2="%45%72%77%69%6E%52%64" n3="%E3%81%88%E3%82%89%E3%81%A6%E3%82%93" dan="17,16,16,16" rate="2157.48,2040.30,2129.17,2124.06" sx="M,M,M,M"/><TAIKYOKU oya="0"/><INIT seed="0,0,0,2,2,64" ten="250,250,250,250" oya="0" hai0="97,91,66,108,134,101,30,122,38,20,57,65,34" hai1="18,8,93,35,103,6,14,87,100,72,68,88,114" hai2="63,83,62,94,125,99,13,132,111,46,44,69,39" hai3="15,2,12,79,42,113,119,60,84,9,37,102,131"/><T128/><D122/><U85/><E72/><V90/><F111/><W115/><G119/><T22/><D38/><U36/><E36/><V50/><F132/><W31/><G2/><T53/><D134/><U21/><E35/><V26/><F125/><W80/><G131/><T82/><D34/><U123/><E123/><V45/><F39/><W10/><G102/><T107/><D128/><U51/><E114/><V52/><F26/><W1/><G1/><T124/><D124/><U105/><E105/><V47/><F69/><W96/><G31/><T43/><D43/><U70/><E103/><V121/><F121/><W98/><G37/><T11/><D11/><U89/><E100/><V16/><REACH who="2" step="1"/><F83/><REACH who="2" ten="250,250,240,250" step="2"/><W120/><G80/><T29/><D108/><U59/><E59/><V48/><F48/><W56/><G120/><T78/><D29/><U118/><E51/><V49/><F49/><W92/><G113/><T127/><D127/><U126/><E126/><V25/><F25/><W77/><G115/><T23/><D30/><U41/><E118/><V75/><F75/><W73/><G73/><T129/><D129/><U135/><E135/><V81/><F81/><W130/><G130/><T24/><D24/><U133/><E133/><V0/><F0/><W5/><G60/><T4/><D78/><U106/><E106/><V112/><F112/><W109/><G77/><T55/><D82/><U74/><E74/><V28/><F28/><W17/><G79/><T67/><D107/><U40/><E70/><V33/><F33/><W61/><G109/><T27/><D27/><N who="1" m="14775" /><E68/><V95/><F95/><AGARI ba="0,1" hai="6,8,14,40,41,85,87,88,89,93,95" m="14775" machi="95" ten="30,3900,0" yaku="6,1,8,1,54,1" doraHai="64" who="1" fromWho="2" sc="250,0,250,49,240,-39,250,0" /><INIT seed="1,0,0,0,2,95" ten="250,299,201,250" oya="1" hai0="103,130,98,102,12,71,93,26,57,127,5,61,97" hai1="23,6,30,120,101,66,49,104,72,74,27,99,133" hai2="121,123,33,131,51,28,113,14,3,91,52,94,32" hai3="80,38,69,119,76,135,125,40,86,68,7,20,16"/><U15/><E120/><V64/><F3/><W19/><G135/><T63/><D130/><U90/><E133/><V55/><F131/><W75/><G125/><T50/><D127/><U89/><E66/><V82/><F64/><W87/><G119/><T13/><D26/><U88/><REACH who="1" step="1"/><E49/><REACH who="1" ten="250,289,201,250" step="2"/><V25/><F51/><W11/><G68/><T107/><D50/><U114/><E114/><V42/><F113/><W83/><G69/><T111/><D111/><U2/><E2/><V100/><F121/><W134/><G134/><T79/><D71/><U53/><E53/><V45/><F55/><W126/><G126/><T46/><D63/><U132/><E132/><V73/><F52/><W108/><G38/><T67/><D46/><U8/><AGARI ba="0,1" hai="6,8,15,23,27,30,72,74,88,89,90,99,101,104" machi="8" ten="30,12000,1" yaku="1,1,0,1,52,1,54,1,53,1" doraHai="95" doraHaiUra="17" who="1" fromWho="1" sc="250,-40,289,130,201,-40,250,-40" /><INIT seed="1,1,0,5,3,93" ten="210,419,161,210" oya="1" hai0="22,124,23,61,37,89,105,79,60,135,69,66,63" hai1="28,130,115,97,88,29,19,16,40,46,53,33,72" hai2="117,123,102,20,74,128,119,54,76,2,129,39,101" hai3="27,17,35,104,65,82,34,48,0,30,1,11,44"/><U67/><E115/><V103/><F39/><W111/><G111/><T87/><D135/><U96/><E72/><V94/><F2/><W15/><G104/><T91/><D124/><U5/><E130/><N who="2" m="50283" /><F54/><W116/><G116/><N who="2" m="44617" /><F20/><W10/><G65/><T50/><D37/><U56/><E5/><V62/><F62/><W83/><G35/><T133/><D133/><U100/><E67/><V3/><F3/><W36/><G36/><T92/><D105/><U70/><E70/><V73/><F123/><W120/><G120/><T98/><D79/><U18/><E33/><V85/><F73/><W121/><G121/><T8/><D8/><U78/><E46/><V4/><F4/><W127/><G127/><T14/><D50/><U107/><E40/><V32/><F74/><W112/><G112/><T6/><D6/><U21/><E21/><V106/><F32/><W108/><G108/><T31/><D23/><U47/><E47/><V132/><F132/><W41/><G0/><T55/><D55/><U134/><E134/><V125/><F106/><W90/><G90/><T110/><D110/><U118/><E118/><V64/><F64/><W9/><REACH who="3" step="1"/><G1/><REACH who="3" ten="210,419,161,200" step="2"/><T52/><D66/><U25/><E107/><V57/><F125/><W77/><G77/><T84/><D69/><U75/><E78/><V68/><F68/><W12/><G12/><T13/><D14/><U7/><E88/><N who="2" m="53519" /><F76/><W45/><G45/><T71/><D71/><U26/><E75/><V43/><F57/><W49/><G49/><T80/><D13/><U131/><E56/><V38/><F38/><W113/><G113/><RYUUKYOKU ba="1,1" sc="210,-15,419,-15,161,15,200,15" hai2="43,101,102,103" hai3="9,10,11,15,17,27,30,34,41,44,48,82,83" /><INIT seed="2,2,1,0,3,133" ten="195,404,176,215" oya="2" hai0="119,17,21,53,98,89,33,105,65,78,32,9,50" hai1="52,110,69,97,43,87,91,116,88,66,14,117,86" hai2="34,80,7,45,64,57,41,82,63,4,60,84,5" hai3="73,71,129,15,22,76,29,18,36,70,58,51,118"/><V77/><F34/><W115/><G36/><T101/><D119/><U8/><E110/><V85/><F60/><W107/><G118/><T111/><D111/><U125/><E43/><V25/><F25/><W128/><G107/><T75/><D65/><U38/><E38/><V99/><F99/><W39/><G39/><T31/><D31/><U123/><E97/><V114/><F114/><W135/><G135/><T20/><D20/><U94/><E123/><V54/><F64/><W104/><G104/><T96/><D9/><U26/><E26/><V121/><F121/><W48/><G115/><T127/><D78/><U28/><E28/><V103/><F103/><W93/><G70/><T126/><D75/><U42/><E42/><V95/><F95/><W2/><G2/><T131/><D131/><U3/><E3/><V100/><F100/><W55/><G71/><T72/><D72/><U130/><E130/><V6/><N who="2" m="1024" /><DORA hai="109" /><V35/><F35/><W108/><G108/><T134/><D89/><U44/><E69/><V19/><F19/><W30/><G73/><T62/><D62/><U1/><E66/><V68/><F68/><W90/><G128/><T61/><D61/><U59/><E1/><V23/><F23/><W120/><G129/><T132/><D98/><U47/><E116/><V49/><REACH who="2" step="1"/><F77/><REACH who="2" ten="195,404,166,215" step="2"/><W106/><G120/><T11/><D134/><U122/><E122/><V40/><F40/><W74/><G106/><T37/><D132/><U24/><E117/><V81/><AGARI ba="2,2" hai="41,45,49,54,57,63,80,81,82,84,85" m="1024" machi="81" ten="50,18000,2" yaku="1,1,0,1,8,1,53,3" doraHai="133,109" doraHaiUra="27,79" who="2" fromWho="2" sc="195,-62,404,-62,166,206,215,-62" /><INIT seed="2,3,0,1,0,41" ten="133,342,372,153" oya="2" hai0="116,117,18,5,3,58,83,15,25,111,108,22,93" hai1="102,91,39,92,112,43,10,87,101,70,105,114,94" hai2="118,38,23,109,115,52,97,113,132,26,33,80,107" hai3="81,130,135,7,63,77,133,128,106,37,53,14,134"/><V48/><F118/><N who="0" m="45674" /><D83/><U65/><E10/><V79/><F38/><W54/><G106/><T119/><D93/><N who="1" m="35947" /><E65/><V49/><F49/><W89/><G89/><T75/><D75/><U61/><E61/><V30/><F132/><W50/><G7/><T98/><D58/><U103/><E43/><V8/><F8/><W36/><G14/><T42/><D42/><U11/><E11/><V9/><F9/><W100/><G100/><N who="1" m="38506" /><E39/><N who="3" m="14922" /><G81/><T120/><D98/><N who="1" m="61687" /><E70/><V27/><F33/><W21/><G77/><T19/><D3/><U66/><E66/><V24/><F26/><W4/><G21/><N who="0" m="11487" /><D119/><U125/><E125/><V72/><F79/><W122/><G4/><T35/><D5/><U2/><E2/><V1/><F1/><W31/><G31/><N who="0" m="19951" /><D120/><U126/><E126/><V6/><F6/><W69/><G122/><T40/><D40/><U71/><E71/><V67/><F67/><N who="3" m="41215" /><G53/><T55/><D55/><U82/><AGARI ba="3,0" hai="82,87,91,112,114" m="61687,38506,35947" machi="82" ten="30,2000,0" yaku="34,2" doraHai="41" who="1" fromWho="1" sc="133,-8,342,29,372,-13,153,-8" /><INIT seed="3,0,0,0,1,17" ten="125,371,359,145" oya="3" hai0="25,61,106,30,75,66,62,9,93,134,133,10,0" hai1="33,128,123,51,109,27,52,135,118,16,121,43,91" hai2="36,89,23,38,107,26,58,78,73,104,124,132,24" hai3="11,114,85,3,90,18,31,34,50,67,45,57,29"/><W122/><G114/><T98/><D75/><U65/><E43/><V71/><F71/><W53/><G122/><T111/><D111/><U84/><E109/><V130/><F124/><W69/><G69/><T5/><D10/><U41/><E41/><V120/><F130/><W63/><G34/><T101/><D93/><U103/><E103/><V115/><F89/><W102/><G102/><T48/><D48/><U116/><E65/><V105/><F115/><W8/><G3/><T28/><D28/><U125/><E33/><V70/><F70/><W42/><G42/><T22/><REACH who="0" step="1"/><D66/><REACH who="0" ten="115,371,359,145" step="2"/><U113/><E51/><V37/><F73/><W108/><G108/><T1/><D1/><U97/><E123/><V94/><F94/><N who="3" m="54607" /><G18/><T64/><D64/><U54/><E121/><V55/><F120/><W39/><G39/><T14/><D14/><U131/><E16/><V59/><F37/><W83/><G83/><T35/><D35/><U77/><E131/><V60/><F36/><W6/><G6/><T13/><D13/><U32/><E128/><V100/><F38/><W80/><G80/><T47/><D47/><U126/><E32/><V92/><F105/><W86/><G86/><T99/><D99/><U19/><E97/><V82/><F104/><W49/><G49/><T20/><D20/><N who="1" m="13727" /><E84/><V81/><F23/><W7/><G7/><T87/><D87/><U88/><E113/><V15/><F107/><W46/><G46/><T2/><D2/><U79/><E125/><V76/><F81/><W56/><G45/><T127/><D127/><U95/><E126/><V110/><F82/><RYUUKYOKU ba="0,1" sc="115,15,371,-15,359,-15,145,15" hai0="0,5,9,22,25,30,61,62,98,101,106,133,134" hai3="8,11,29,31,50,53,56,57,63,67" /><INIT seed="3,1,1,5,5,122" ten="130,356,344,160" oya="3" hai0="97,61,66,100,29,64,51,40,82,6,71,98,8" hai1="47,102,128,133,10,59,55,72,135,79,35,109,116" hai2="52,50,41,36,15,32,30,115,106,91,58,80,99" hai3="127,75,81,63,65,2,68,9,76,49,124,46,90"/><W95/><G2/><T18/><D64/><U93/><E128/><V87/><F115/><W38/><G9/><T20/><D29/><U23/><E35/><V111/><F36/><W11/><G11/><T88/><D40/><U5/><E116/><V54/><F41/><W7/><G7/><T53/><D100/><U108/><E47/><V119/><F119/><W104/><G104/><T60/><D60/><U130/><E130/><V105/><F99/><W56/><G38/><T73/><D73/><U125/><E23/><V117/><F117/><W96/><REACH who="3" step="1"/><G68/><REACH who="3" ten="130,356,344,150" step="2"/><T132/><D6/><U62/><E10/><V4/><F105/><W89/><G89/><T34/><D8/><U57/><E5/><V101/><F91/><W24/><G24/><T129/><D129/><U1/><E1/><V25/><F106/><W43/><AGARI ba="1,2" hai="43,46,49,56,63,65,75,76,81,90,95,96,124,127" machi="43" ten="30,6000,0" yaku="1,1,0,1,53,1" doraHai="122" doraHaiUra="78" who="3" fromWho="3" sc="130,-21,356,-21,344,-21,150,83" /><INIT seed="3,2,0,3,3,60" ten="109,335,323,233" oya="3" hai0="20,39,85,26,51,91,99,104,128,25,56,27,72" hai1="98,18,133,69,103,35,12,47,40,89,94,73,48" hai2="82,109,102,125,105,83,112,5,54,15,61,22,88" hai3="1,96,8,52,36,67,44,117,34,135,107,116,19"/><W59/><G34/><T68/><D128/><U100/><E133/><V101/><F112/><W114/><G114/><T33/><D39/><U17/><E35/><V23/><F105/><W81/><G135/><T32/><D72/><U78/><E69/><V55/><F125/><W115/><G115/><T126/><D126/><U63/><E63/><V9/><F109/><W90/><G67/><T129/><D68/><U71/><E71/><V74/><F74/><W57/><G107/><T41/><D129/><U93/><E73/><V29/><F82/><W53/><G36/><T38/><D38/><U21/><E78/><V45/><F54/><W43/><G1/><T30/><D33/><U120/><E120/><V42/><F42/><W118/><G43/><T46/><D32/><U66/><E66/><V111/><F111/><W123/><G44/><T80/><D104/><U84/><E17/><V31/><F102/><AGARI ba="2,0" hai="12,18,21,40,47,48,84,89,93,94,98,100,102,103" machi="102" ten="30,2000,0" yaku="7,1,8,1" doraHai="60" who="1" fromWho="2" sc="109,0,335,26,323,-26,233,0" /><INIT seed="4,0,0,3,1,54" ten="109,361,297,233" oya="0" hai0="51,135,28,78,101,131,55,52,39,17,72,77,94" hai1="53,134,27,11,118,107,69,15,76,12,4,65,80" hai2="23,74,120,67,36,62,98,122,40,19,63,18,16" hai3="99,2,132,34,29,47,95,103,123,1,44,115,68"/><T38/><D131/><U90/><E118/><V112/><F74/><W129/><G115/><T26/><D135/><U133/><E107/><V9/><F112/><W57/><G68/><T114/><D114/><U58/><E90/><V102/><F9/><W108/><G132/><N who="1" m="50794" /><E65/><V50/><F36/><W7/><G108/><T25/><D101/><U75/><E27/><V124/><F124/><W84/><G123/><T71/><D71/><U121/><E69/><V130/><F130/><W93/><G129/><T117/><D117/><U89/><E89/><V48/><F23/><W100/><G34/><T110/><D94/><U14/><E121/><V92/><F62/><AGARI ba="0,0" hai="4,11,12,14,15,53,58,62,75,76,80" m="50794" machi="62" ten="30,2000,0" yaku="20,1,52,1" doraHai="54" who="1" fromWho="2" sc="109,0,361,20,297,-20,233,0" /><INIT seed="5,0,0,4,5,41" ten="109,381,277,233" oya="1" hai0="86,59,27,111,108,98,115,53,77,130,107,26,32" hai1="93,10,63,1,101,47,65,99,20,131,91,106,28" hai2="103,126,14,66,62,123,44,133,88,11,2,37,96" hai3="8,85,25,102,46,57,127,129,50,55,33,116,124"/><U70/><E131/><V24/><F123/><W117/><G102/><T17/><D130/><U79/><E79/><V7/><F126/><N who="3" m="48171" /><G129/><T132/><D115/><U104/><E28/><V120/><F120/><W105/><G105/><T12/><D132/><U61/><E61/><V94/><F133/><W64/><G85/><T83/><D107/><U90/><E20/><V54/><F24/><W21/><G33/><T22/><D32/><U56/><E70/><V134/><F134/><W6/><G64/><T82/><D111/><U16/><E1/><V4/><F2/><N who="3" m="87" /><G57/><T40/><D108/><U43/><E104/><V122/><F4/><W113/><G113/><T31/><D31/><AGARI ba="0,0" hai="21,25,31,46,50,55,116,117" m="87,48171" machi="31" ten="30,2000,0" yaku="18,1,52,1" doraHai="41" who="3" fromWho="0" sc="109,-20,381,0,277,0,233,20" /><INIT seed="6,0,0,2,1,124" ten="89,381,277,253" oya="2" hai0="131,57,30,120,99,7,73,95,53,84,128,126,67" hai1="29,61,54,105,129,23,50,72,38,104,100,2,32" hai2="10,51,39,97,6,1,58,77,96,87,114,28,41" hai3="16,3,110,65,36,13,108,27,89,98,122,4,135"/><V8/><F114/><W68/><G36/><T35/><D120/><U80/><E23/><V69/><F69/><W85/><G122/><T33/><D126/><U63/><E38/><V101/><F39/><W70/><G98/><T82/><D73/><U17/><E2/><V40/><F28/><W116/><G116/><T75/><D75/><U86/><E72/><V20/><F20/><W15/><G135/><T91/><D67/><U52/><E17/><V78/><F96/><W113/><G113/><T18/><D7/><U42/><E42/><V48/><F8/><W60/><G70/><T125/><D18/><U24/><E100/><V71/><F71/><W112/><G112/><T76/><D125/><U64/><E64/><V26/><F26/><W46/><G46/><T43/><D43/><U127/><E127/><V0/><F0/><W109/><G3/><T74/><D74/><U107/><E24/><V19/><F19/><W117/><G4/><T66/><D66/><U106/><E29/><V81/><F77/><W134/><G134/><T21/><D21/><U47/><E32/><V121/><F121/><W45/><G45/><T90/><D76/><U11/><E11/><V79/><F79/><W103/><G103/><T55/><D55/><U83/><E107/><V119/><F119/><W130/><G117/><T92/><D92/><U5/><E105/><V34/><F34/><W9/><G27/><N who="0" m="18655" /><D35/><U132/><E5/><V49/><REACH who="2" step="1"/><F58/><REACH who="2" ten="89,381,267,253" step="2"/><W94/><G13/><T22/><D22/><U12/><E12/><V14/><F14/><W133/><G133/><T118/><D118/><RYUUKYOKU ba="0,1" sc="89,10,381,-30,267,10,253,10" hai0="53,57,82,84,90,91,95,99,128,131" hai2="1,6,10,40,41,48,49,51,78,81,87,97,101" hai3="9,15,16,60,65,68,85,89,94,108,109,110,130" /><INIT seed="6,1,1,3,2,66" ten="99,351,277,263" oya="2" hai0="74,114,134,22,125,29,14,49,0,10,106,133,115" hai1="47,132,1,13,100,97,131,40,72,24,39,121,62" hai2="105,60,67,81,111,86,73,63,126,6,90,124,7" hai3="109,119,33,110,37,93,89,59,107,91,104,113,43"/><V79/><F105/><N who="3" m="40523" /><G33/><T122/><D74/><U54/><E72/><V96/><F96/><N who="3" m="57391" /><G37/><T4/><D106/><U45/><E132/><N who="0" m="50793" /><D49/><U9/><E131/><V127/><F111/><W101/><G43/><T36/><D36/><U94/><E1/><V30/><F30/><W75/><G59/><T51/><D51/><U71/><E121/><V57/><REACH who="2" step="1"/><F60/><REACH who="2" ten="99,351,267,263" step="2"/><W38/><G119/><T41/><D122/><U118/><E62/><V50/><F50/><W46/><G38/><T56/><D125/><U20/><E118/><V99/><F99/><W103/><G109/><T80/><D29/><N who="1" m="17543" /><E39/><V48/><F48/><W31/><G110/><T129/><D129/><U42/><E42/><V84/><F84/><W23/><G31/><T15/><D41/><U76/><E40/><V130/><F130/><W27/><G46/><T5/><D115/><U65/><E45/><V44/><F44/><W69/><G113/><T11/><D114/><U88/><E47/><V32/><F32/><W83/><G75/><T85/><D85/><U117/><E97/><V28/><F28/><W19/><G103/><T68/><D5/><U128/><E100/><V116/><F116/><W55/><G101/><T120/><D4/><U25/><E117/><V16/><F16/><W53/><G19/><T92/><D120/><U3/><E128/><V64/><F64/><W35/><G35/><T98/><D98/><U58/><E65/><V12/><F12/><W26/><G26/><T21/><D14/><U61/><E13/><V78/><F78/><W135/><G27/><T18/><D15/><U34/><E76/><RYUUKYOKU ba="1,2" sc="99,-10,351,-10,267,30,263,-10" hai2="6,7,57,63,67,73,79,81,86,90,124,126,127" /><INIT seed="6,2,2,1,2,77" ten="89,341,297,253" oya="2" hai0="95,133,35,99,17,59,75,81,46,15,68,97,114" hai1="53,104,116,66,21,120,47,69,7,131,71,129,28" hai2="80,52,26,109,74,110,105,55,4,100,56,11,135" hai3="111,125,32,90,54,6,127,3,48,14,37,92,0"/><V83/><F135/><W1/><G37/><T31/><D114/><U38/><E116/><V63/><F74/><W94/><G32/><T118/><D133/><U23/><E120/><V73/><F73/><W43/><G43/><T30/><D68/><U42/><E104/><V76/><F76/><W85/><G111/><N who="2" m="42505" /><F100/><W58/><REACH who="3" step="1"/><G92/><REACH who="3" ten="89,341,297,243" step="2"/><T49/><D118/><U102/><E38/><V130/><F105/><W79/><G79/><T115/><D115/><U51/><E42/><V78/><F78/><W106/><G106/><T9/><D35/><U20/><E131/><V86/><F130/><W112/><G112/><T50/><D75/><U113/><E129/><V67/><F26/><W134/><G134/><T29/><D81/><N who="2" m="31306" /><F86/><W19/><G19/><T60/><D95/><U2/><E113/><V57/><F57/><W121/><G121/><T10/><D17/><U98/><E71/><V27/><F27/><W93/><G93/><T61/><D59/><U96/><E69/><V87/><F87/><W64/><G64/><T101/><D99/><U84/><E96/><V22/><F22/><W34/><G34/><T91/><D97/><U16/><E66/><V103/><F103/><W122/><G122/><T89/><D101/><U45/><E84/><V41/><F41/><W88/><G88/><T65/><D65/><U39/><E98/><V25/><F25/><W70/><G70/><T108/><D108/><U126/><E102/><V36/><F36/><W119/><G119/><T5/><D91/><U107/><E107/><V44/><F44/><W24/><G24/><T12/><D89/><RYUUKYOKU ba="2,3" sc="89,-15,341,-15,297,15,243,15" hai2="4,11,52,55,56,63,67" hai3="0,1,3,6,14,48,54,58,85,90,94,125,127" /><INIT seed="6,3,3,4,0,130" ten="74,326,312,258" oya="2" hai0="74,123,10,61,122,21,92,11,82,57,125,29,66" hai1="117,90,16,105,20,0,60,116,131,99,88,115,30" hai2="34,51,93,84,64,50,9,73,18,32,135,77,5" hai3="79,78,41,133,62,129,120,54,111,8,109,65,127"/><V19/><F73/><W118/><G8/><T83/><D125/><U75/><E30/><V15/><F64/><W134/><G118/><T69/><D69/><U36/><E36/><V95/><F77/><N who="3" m="29195" /><G120/><T121/><D74/><U91/><E75/><V94/><F84/><W76/><G129/><T47/><D47/><U35/><E35/><V80/><F80/><W96/><G127/><T24/><D10/><U22/><E0/><V124/><F124/><W128/><G128/><T25/><D11/><U101/><E131/><V89/><F89/><W59/><G41/><T37/><D37/><U40/><E40/><V39/><F39/><W81/><G96/><T14/><D14/><U2/><E2/><V72/><F72/><N who="3" m="43143" /><G65/><T113/><D113/><U98/><E115/><V38/><F38/><W63/><G63/><T56/><D56/><U102/><E60/><V31/><F94/><W55/><G55/><T6/><D6/><U12/><E20/><V1/><F9/><W42/><G42/><T86/><REACH who="0" step="1"/><D25/><REACH who="0" ten="64,326,312,258" step="2"/><U119/><E119/><V85/><F1/><W48/><G109/><T114/><D114/><U100/><E117/><V87/><F15/><W67/><G111/><T33/><D33/><U45/><E45/><V53/><F5/><W52/><G59/><T106/><D106/><U3/><E116/><V26/><F26/><W97/><G67/><T108/><D108/><U27/><E3/><V46/><F46/><W110/><G110/><T107/><D107/><U132/><E105/><V7/><F7/><W49/><G62/><T23/><D23/><U43/><E27/><RYUUKYOKU ba="3,4" sc="64,30,326,-10,312,-10,258,-10" hai0="21,24,29,57,61,66,82,83,86,92,121,122,123" /><INIT seed="7,4,4,1,1,28" ten="94,316,302,248" oya="3" hai0="12,83,74,103,92,17,112,42,116,97,39,122,40" hai1="4,19,94,81,96,1,58,85,24,115,9,66,126" hai2="34,133,38,102,108,80,59,48,54,15,29,20,2" hai3="128,51,89,72,119,77,13,109,31,98,6,93,70"/><W61/><G119/><T18/><D116/><U3/><E3/><V117/><F117/><W120/><G120/><T11/><D122/><U114/><E126/><V63/><F2/><W21/><G72/><T62/><D39/><U5/><E66/><V49/><F108/><W79/><G128/><T46/><D74/><U47/><E58/><V123/><F38/><W43/><G70/><T56/><D112/><N who="1" m="43051" /><E47/><V33/><F123/><W36/><G36/><T65/><D46/><U86/><E5/><V110/><F110/><W27/><G61/><T35/><D35/><U0/><E0/><V10/><F102/><W23/><G109/><T67/><D83/><U78/><E24/><V88/><F133/><W69/><G69/><T60/><REACH who="0" step="1"/><D18/><REACH who="0" ten="84,316,302,248" step="2"/><U44/><E19/><N who="2" m="8695" /><F33/><W101/><G6/><T113/><D113/><U32/><E32/><V131/><F34/><W129/><G129/><T71/><AGARI ba="4,5" hai="11,12,17,40,42,56,60,62,65,67,71,92,97,103" machi="71" ten="20,2700,0" yaku="1,1,0,1,7,1,53,0" doraHai="28" doraHaiUra="106" who="0" fromWho="0" sc="84,89,316,-11,302,-11,248,-17" owari="173,-33.0,305,41.0,291,9.0,231,-17.0" /></mjloggm>