<mjloggm ver="2.3"><GO type="169" lobby="0"/><UN n0="%68%61%79%61%74%6F%E2%98%86" n1="%E3%83%95%E3%82%AF%E3%83%80%E3%83%B3%E3%83%81%E3%83%A7" n2="%E3%83%AA%E3%83%83%E3%83%97%E3%83%AB%E3%83%A9%E3%83%83%E3%83%97%E3%83%AB" n3="%E3%83%8F%E5%B4%8E%E7%9C%9F%E6%82%9F" dan="16,17,16,16" rate="2089.89,2173.74,2045.96,2145.32" sx="M,M,M,M"/><TAIKYOKU oya="0"/><INIT seed="0,0,0,3,1,28" ten="250,250,250,250" oya="0" hai0="98,120,2,17,96,36,5,110,126,135,58,108,21" hai1="125,16,53,54,81,71,117,15,51,116,77,60,29" hai2="22,84,89,64,112,101,26,27,14,102,25,12,48" hai3="79,46,55,49,107,123,38,80,3,119,50,88,9"/><T103/><D120/><U72/><E125/><V57/><F112/><W45/><G119/><T95/><D36/><U1/><E1/><V83/><F12/><W94/><G107/><T111/><D126/><U69/><E29/><V42/><F42/><W70/><G70/><T99/><D135/><U7/><E7/><V85/><F85/><W97/><G123/><T131/><D131/><U65/><E69/><V30/><F48/><W0/><G9/><N who="0" m="2231" /><D58/><U73/><E73/><V44/><F44/><W76/><G76/><T52/><D52/><U93/><E93/><V128/><F128/><W39/><G3/><T106/><D106/><U37/><E37/><V20/><F14/><AGARI ba="0,0" hai="14,17,21,95,96,98,99,103,108,110,111" m="2231" machi="14" ten="30,2900,0" yaku="14,1,10,1" doraHai="28" who="0" fromWho="2" sc="250,29,250,0,250,-29,250,0" /><INIT seed="0,1,0,0,1,21" ten="279,250,221,250" oya="0" hai0="110,26,84,97,75,37,108,49,58,122,28,106,73" hai1="68,69,41,13,95,6,57,2,82,105,33,0,40" hai2="86,59,25,19,52,134,121,64,116,88,81,98,125" hai3="54,32,53,48,1,27,100,94,135,123,74,67,62"/><T47/><D37/><U63/><E105/><V55/><F121/><W45/><G74/><T72/><D122/><U107/><E107/><V118/><F134/><W3/><G123/><T109/><D84/><U133/><E33/><V102/><F125/><W119/><G119/><N who="2" m="45609" /><F64/><W99/><G54/><N who="0" m="32079" /><D47/><U16/><E133/><V114/><F114/><W31/><REACH who="3" step="1"/><G135/><REACH who="3" ten="279,250,221,240" step="2"/><T66/><D66/><U20/><E40/><V78/><F55/><W101/><G101/><N who="0" m="62767" /><D73/><U113/><E41/><V39/><F78/><W44/><G44/><T127/><D127/><U22/><E113/><V50/><F39/><W5/><G5/><T65/><D65/><U38/><E6/><V111/><F102/><W4/><G4/><T24/><D24/><U15/><E38/><V71/><F25/><W131/><G131/><T126/><D126/><U117/><E117/><V124/><F124/><W18/><G18/><T130/><D130/><U96/><E16/><V87/><F19/><W89/><G89/><T129/><D129/><U90/><E90/><V42/><F42/><W93/><G93/><T115/><D115/><U11/><E95/><N who="2" m="56679" /><F81/><W91/><G91/><T79/><D79/><U76/><E82/><V43/><F43/><W8/><G8/><T7/><D7/><U120/><E11/><V35/><F87/><W12/><G12/><T9/><D9/><U36/><E36/><V46/><F86/><W70/><AGARI ba="1,1" hai="1,3,27,31,32,45,48,53,62,67,70,94,99,100" machi="70" ten="20,12000,2" yaku="1,1,0,1,7,1,52,1,53,2" doraHai="21" doraHaiUra="34" who="3" fromWho="3" sc="279,-61,250,-31,221,-31,240,133" /><INIT seed="1,0,0,0,3,134" ten="218,219,190,373" oya="1" hai0="68,69,21,125,74,113,63,39,80,44,53,58,106" hai1="115,83,37,46,28,36,94,103,73,51,120,22,78" hai2="0,110,129,76,62,30,108,8,77,57,132,23,104" hai3="90,107,128,97,72,20,121,27,49,79,15,91,3"/><U92/><E120/><V10/><F104/><W130/><G3/><T88/><D106/><U26/><E115/><V109/><F132/><W41/><G121/><T31/><D113/><U119/><E119/><V52/><F129/><N who="3" m="49771" /><G15/><T6/><D6/><U61/><E61/><V55/><F55/><W9/><G9/><T123/><D123/><U131/><E131/><V93/><F10/><W71/><G71/><T13/><D74/><U133/><E133/><V127/><F127/><W111/><G111/><T4/><D4/><U59/><E59/><V98/><F8/><W2/><G79/><T114/><D114/><U12/><E12/><V34/><F34/><W5/><G72/><T67/><D13/><U85/><E94/><V16/><F30/><W70/><G5/><T102/><D31/><U64/><E64/><V18/><F18/><W11/><G70/><T96/><D21/><U135/><E135/><V32/><F32/><W35/><G35/><T124/><D68/><U19/><E28/><V43/><F43/><W7/><G97/><T24/><D24/><U1/><E1/><V48/><F0/><W33/><G33/><T38/><D38/><U75/><E75/><V45/><F23/><W105/><G105/><N who="0" m="63687" /><D39/><U14/><E14/><V40/><REACH who="2" step="1"/><F16/><REACH who="2" ten="218,219,180,373" step="2"/><N who="3" m="12679" /><G107/><T101/><D125/><U29/><E29/><V99/><F99/><W66/><G66/><T87/><D124/><U112/><E112/><V56/><F56/><W118/><G118/><T60/><D44/><AGARI ba="0,1" hai="2,7,11,41,44,49,90,91" m="12679,49771" machi="44" ten="30,2000,0" yaku="19,1,54,1" doraHai="134" who="3" fromWho="0" sc="218,-20,219,0,180,0,373,30" /><INIT seed="2,0,0,1,5,94" ten="198,219,180,403" oya="2" hai0="33,130,38,116,48,50,28,63,124,120,74,26,16" hai1="18,2,96,69,107,44,65,12,55,58,90,111,19" hai2="97,73,125,118,77,66,110,56,34,37,106,101,0" hai3="45,23,78,10,31,46,40,92,62,98,5,36,15"/><V93/><F118/><W6/><G78/><T7/><D120/><U60/><E111/><V132/><F110/><W102/><G46/><T21/><D38/><U84/><E2/><V129/><F34/><W53/><G31/><T80/><D116/><U127/><E127/><V85/><F0/><W27/><G6/><T99/><D130/><U89/><E44/><V91/><F37/><W123/><G123/><T117/><D117/><U8/><E18/><V29/><F29/><W22/><G27/><T103/><D63/><U13/><E13/><V52/><F66/><W20/><G62/><T51/><D7/><U112/><E112/><V87/><F87/><W134/><G53/><T70/><D70/><U49/><REACH who="1" step="1"/><E84/><REACH who="1" ten="198,209,180,403" step="2"/><V75/><F125/><W32/><G45/><T128/><D128/><U82/><E82/><N who="2" m="45359" /><F75/><W43/><G15/><T35/><D124/><U17/><E17/><V81/><F81/><W79/><G5/><T41/><D28/><U109/><E109/><V9/><F129/><W113/><G113/><T76/><REACH who="0" step="1"/><D41/><REACH who="0" ten="188,209,180,403" step="2"/><U105/><E105/><AGARI ba="0,2" hai="16,21,26,33,35,48,50,51,74,76,80,99,103,105" machi="105" ten="40,8000,1" yaku="1,1,2,1,52,1,54,1,53,0" doraHai="94" doraHaiUra="115" who="0" fromWho="1" sc="188,100,209,-80,180,0,403,0" /><INIT seed="3,0,0,2,4,4" ten="288,129,180,403" oya="3" hai0="89,125,98,114,20,31,46,5,24,106,134,30,133" hai1="66,93,18,7,0,97,21,41,86,61,70,62,47" hai2="22,113,126,37,27,2,72,10,116,1,109,44,45" hai3="115,81,40,124,38,121,23,75,11,131,43,53,118"/><W71/><G121/><T94/><D114/><U60/><E86/><V74/><F113/><W83/><G115/><T76/><D125/><U64/><E0/><V59/><F22/><W128/><G118/><T111/><D111/><U51/><E7/><V100/><F109/><W99/><G71/><T129/><D129/><U36/><E36/><V107/><F37/><W8/><G124/><T120/><D120/><U87/><E87/><V90/><F59/><W102/><G23/><T6/><D106/><U108/><E108/><V49/><F27/><W3/><G53/><T101/><D101/><U73/><E73/><V48/><F100/><W69/><G69/><T9/><D76/><U130/><E130/><N who="3" m="49706" /><G3/><T135/><D135/><U15/><REACH who="1" step="1"/><E70/><REACH who="1" ten="288,119,180,403" step="2"/><V112/><F112/><W123/><G123/><T56/><D5/><U29/><E29/><V82/><F126/><W65/><G38/><T85/><D30/><U117/><E117/><V32/><F116/><W39/><G39/><T42/><D134/><U79/><E79/><V28/><F28/><W16/><G75/><T57/><D133/><U78/><E78/><V77/><F77/><W110/><G110/><T55/><D85/><U52/><E52/><V103/><F74/><W33/><G43/><T105/><D55/><U132/><E132/><V26/><F72/><W13/><G40/><T14/><D56/><U84/><E84/><N who="2" m="50455" /><F1/><W91/><G81/><T127/><D57/><U122/><E122/><V54/><F54/><W63/><G83/><T19/><D127/><U80/><E80/><V67/><F2/><W12/><G16/><RYUUKYOKU ba="0,1" sc="288,-10,119,30,180,-10,403,-10" hai1="15,18,21,41,47,51,60,61,62,64,66,93,97" /><INIT seed="4,1,1,5,1,118" ten="278,149,170,393" oya="0" hai0="25,72,116,97,32,15,8,127,82,9,94,125,114" hai1="108,46,132,23,105,70,124,129,119,95,81,117,85" hai2="54,111,29,61,92,3,62,65,71,28,104,76,121" hai3="19,113,30,59,131,45,115,52,31,40,80,98,84"/><T126/><D116/><U34/><E34/><V60/><F111/><W102/><G19/><T73/><D114/><N who="3" m="43529" /><G131/><T5/><D8/><U7/><E70/><V1/><F104/><N who="3" m="63575" /><G52/><T67/><D67/><U13/><E105/><V109/><F76/><N who="3" m="46087" /><G59/><T16/><D82/><U36/><E36/><AGARI ba="1,1" hai="30,31,36,40,45" m="46087,63575,43529" machi="36" ten="30,1000,0" yaku="15,1" doraHai="118" who="3" fromWho="1" sc="278,0,149,-13,170,0,393,23" /><INIT seed="5,0,0,1,1,16" ten="278,136,170,416" oya="1" hai0="105,79,30,114,64,82,108,65,33,124,71,132,68" hai1="32,123,4,36,83,126,125,80,49,54,128,100,42" hai2="57,51,127,97,73,9,2,90,37,44,7,89,103" hai3="62,20,35,110,99,130,40,66,55,76,122,8,34"/><U26/><E4/><V116/><F127/><N who="1" m="48649" /><E123/><V88/><F116/><W31/><G110/><T78/><D108/><U115/><E100/><V61/><F73/><W63/><G40/><T11/><D105/><U113/><E36/><V91/><F37/><W106/><G76/><T14/><D114/><N who="1" m="43531" /><E42/><V92/><N who="2" m="22528" /><DORA hai="3" /><V50/><REACH who="2" step="1"/><F44/><REACH who="2" ten="278,136,160,416" step="2"/><W21/><G122/><T102/><D124/><U58/><E128/><V94/><F94/><W10/><G130/><T118/><D118/><U12/><E12/><V29/><F29/><AGARI ba="0,1" hai="26,29,32,49,54,58,80,83" m="43531,48649" machi="29" ten="30,2900,0" yaku="18,1,15,1" doraHai="16,3" who="1" fromWho="2" sc="278,0,136,39,160,-29,416,0" /><INIT seed="5,1,0,0,3,3" ten="278,175,131,416" oya="1" hai0="45,44,34,85,24,105,94,0,86,87,84,55,21" hai1="51,46,14,47,116,39,60,70,91,4,52,2,15" hai2="54,32,125,66,26,40,131,38,114,102,109,115,9" hai3="92,74,93,129,17,88,73,5,69,6,97,72,68"/><U134/><E116/><V57/><F109/><W67/><G129/><T31/><D105/><U98/><E134/><V19/><F102/><W104/><G104/><T65/><D0/><U90/><E2/><V103/><F103/><W12/><G92/><T29/><D65/><U49/><E39/><V37/><F131/><W108/><G108/><T58/><D34/><U20/><E70/><V80/><F66/><W28/><G28/><T56/><D56/><U111/><E60/><V106/><F106/><W79/><G79/><T10/><D10/><N who="1" m="4423" /><E98/><V124/><F80/><W119/><G119/><T128/><D31/><U27/><E15/><N who="2" m="7663" /><F40/><W50/><G50/><N who="0" m="31095" /><D128/><U107/><E107/><V101/><F101/><W41/><G41/><T64/><D64/><U133/><E133/><V81/><F38/><W126/><G126/><T110/><D110/><U96/><E96/><V89/><F37/><W22/><REACH who="3" step="1"/><G67/><REACH who="3" ten="278,175,131,406" step="2"/><T1/><D94/><U23/><E111/><V113/><F125/><W59/><G59/><T127/><D127/><U130/><E130/><V53/><F124/><W7/><AGARI ba="1,1" hai="5,6,7,12,17,22,68,69,72,73,74,88,93,97" machi="7" ten="40,12000,2" yaku="1,1,0,1,52,3,54,1,53,0" doraHai="3" doraHaiUra="76" who="3" fromWho="3" sc="278,-31,175,-61,131,-31,406,133" /><INIT seed="6,0,0,0,3,110" ten="247,114,100,539" oya="2" hai0="129,20,24,85,111,76,89,116,21,133,99,8,12" hai1="109,132,39,43,38,115,131,65,82,50,59,87,68" hai2="16,96,19,58,56,44,26,78,23,81,92,61,63" hai3="88,86,77,17,107,117,98,101,126,118,40,134,57"/><V135/><F135/><W37/><G134/><T62/><D111/><U91/><E115/><V124/><F124/><W122/><G122/><T90/><D129/><U3/><E3/><V1/><F1/><W34/><G34/><T45/><D133/><U112/><E112/><V2/><F2/><W104/><G104/><T10/><D62/><N who="1" m="39991" /><E131/><V6/><F6/><W127/><G57/><T25/><D45/><N who="1" m="23799" /><E132/><V7/><F7/><W15/><G77/><T71/><D71/><U123/><E109/><V4/><F4/><W5/><G5/><T128/><D116/><U125/><E39/><V83/><F44/><N who="3" m="23567" /><G17/><T0/><D0/><U103/><E103/><V64/><F19/><W100/><G100/><T72/><D72/><U84/><E84/><V53/><F78/><W47/><G15/><T73/><D73/><U41/><E41/><V48/><F48/><W46/><G46/><T108/><D108/><U120/><E125/><N who="3" m="47626" /><G47/><T52/><D12/><U97/><E97/><V42/><F42/><W94/><AGARI ba="0,0" hai="86,88,94,98,101,107,117,118" m="47626,23567" machi="94" ten="30,2000,0" yaku="18,1,54,1" doraHai="110" who="3" fromWho="3" sc="247,-5,114,-5,100,-10,539,20" /><INIT seed="7,0,0,4,2,81" ten="242,109,90,559" oya="3" hai0="35,97,39,59,131,41,20,116,30,122,67,54,105" hai1="86,95,28,109,61,73,132,66,63,126,129,125,76" hai2="44,110,119,127,12,85,42,18,121,8,106,102,134" hai3="27,11,2,103,82,118,112,34,37,79,47,62,91"/><W84/><G112/><T1/><D122/><U26/><E109/><V15/><F110/><W33/><G118/><T87/><D35/><U58/><E129/><V111/><F111/><W72/><G103/><T0/><D67/><U23/><E132/><V69/><F119/><W114/><G114/><T51/><D131/><U123/><E123/><V32/><F32/><W22/><G62/><T60/><D39/><U29/><E63/><V113/><F113/><W49/><G37/><T124/><D124/><N who="1" m="47723" /><E73/><V46/><F69/><W40/><G11/><T83/><D41/><U99/><E86/><V13/><F127/><W96/><G2/><T52/><D97/><U115/><E76/><V6/><F134/><W53/><G40/><T16/><D30/><N who="1" m="17759" /><E115/><V24/><F121/><W3/><G3/><T43/><D43/><U90/><AGARI ba="0,0" hai="28,29,58,61,66,90,95,99" m="17759,47723" machi="90" ten="30,1100,0" yaku="18,1" doraHai="81" who="1" fromWho="1" sc="242,-3,109,11,90,-3,559,-5" owari="239,4.0,120,-28.0,87,-41.0,554,65.0" /></mjloggm>