<mjloggm ver="2.3"><GO type="169" lobby="0"/><UN n0="%E6%84%9B%E5%86%85%E9%87%8C%E8%8F%9C" n1="%E7%81%AB%E9%9C%8A%E5%A4%A2" n2="%65%76%31%36%33%38%34" n3="%E8%A5%BF%E6%9C%A8%E9%87%8E%E7%9C%9F%E5%A7%AB%E2%99%AD" dan="17,17,17,16" rate="2188.62,2234.43,2178.30,2105.82" sx="F,M,M,F"/><TAIKYOKU oya="0"/><INIT seed="0,0,0,3,1,104" ten="250,250,250,250" oya="0" hai0="121,60,17,9,135,41,75,39,16,117,105,122,70" hai1="13,58,2,89,126,54,21,127,129,115,81,1,53" hai2="93,11,79,47,108,86,26,22,83,55,5,0,20" hai3="114,94,25,10,71,23,48,29,49,113,84,50,18"/><T40/><D105/><U69/><E69/><V130/><F108/><W46/><G71/><T125/><D70/><U128/><E115/><V110/><F110/><W44/><G114/><T85/><D117/><U61/><E21/><V59/><F130/><N who="1" m="50281" /><E13/><V8/><F8/><W100/><G113/><T116/><D9/><U30/><E30/><V111/><F111/><W51/><N who="3" m="12288" /><DORA hai="109" /><W12/><REACH who="3" step="1"/><G84/><REACH who="3" ten="250,250,250,240" step="2"/><T14/><D85/><N who="1" m="50351" /><E53/><V45/><F55/><W35/><G35/><T101/><D40/><U56/><E58/><V27/><F59/><W64/><G64/><T24/><D41/><U15/><E126/><V87/><F86/><W112/><G112/><T78/><D125/><U131/><E127/><V132/><F132/><W7/><G7/><T28/><D135/><U98/><E131/><V66/><F66/><W73/><G73/><T67/><D75/><U77/><E56/><V134/><F134/><W90/><G90/><T19/><D67/><U63/><E54/><V96/><F87/><W37/><G37/><T99/><D39/><U118/><E118/><V31/><F5/><W82/><G82/><T4/><D116/><U102/><E61/><V95/><F83/><W76/><G76/><T36/><D60/><U103/><E63/><V42/><F79/><W32/><G32/><N who="0" m="20487" /><D36/><U72/><E77/><V92/><F42/><W106/><G106/><N who="0" m="63807" /><D78/><U38/><E72/><V80/><F80/><W65/><G65/><T57/><D57/><U62/><E38/><V123/><F123/><W133/><G133/><T6/><D6/><U34/><E62/><V107/><F107/><RYUUKYOKU ba="0,1" sc="250,15,250,-15,250,-15,240,15" hai0="4,14,16,17,19,121,122" hai3="10,12,18,23,25,29,44,46,94,100" /><INIT seed="0,1,1,0,0,43" ten="265,235,235,255" oya="0" hai0="3,72,109,134,47,22,70,76,118,96,108,20,91" hai1="49,9,40,73,99,69,19,13,113,120,122,48,34" hai2="106,38,45,17,84,133,123,75,83,66,65,95,61" hai3="59,104,79,111,44,41,85,60,53,93,107,52,36"/><T98/><D118/><U25/><E69/><V57/><F133/><W102/><G111/><N who="0" m="42571" /><D134/><U56/><E73/><V77/><F106/><W31/><G31/><T92/><D3/><U46/><E113/><V21/><F123/><W88/><G102/><T29/><D70/><U103/><E34/><V37/><F66/><W82/><REACH who="3" step="1"/><G53/><REACH who="3" ten="265,235,235,245" step="2"/><T50/><D29/><U63/><E122/><V114/><F114/><W126/><G126/><T1/><D1/><U10/><E120/><V4/><F38/><W35/><G35/><T117/><D117/><U5/><E103/><V58/><F37/><W81/><G81/><N who="0" m="45191" /><D98/><AGARI ba="1,2" hai="36,41,44,52,59,60,79,82,85,88,93,98,104,107" machi="98" ten="30,8000,1" yaku="1,1,7,1,52,1,54,2,53,0" doraHai="43" doraHaiUra="12" who="3" fromWho="0" sc="265,-83,235,0,235,0,245,103" /><INIT seed="1,0,0,0,3,114" ten="182,235,235,348" oya="1" hai0="67,58,135,38,51,40,30,95,63,69,21,4,92" hai1="99,104,118,29,72,44,97,119,132,109,13,3,56" hai2="64,65,121,102,23,8,77,116,87,54,134,71,105" hai3="15,39,98,120,82,110,10,111,14,126,47,122,28"/><U24/><E3/><V68/><F102/><W50/><G39/><T115/><D135/><U113/><E113/><V59/><F105/><W60/><G126/><T27/><D4/><U76/><E132/><V125/><F23/><W117/><G28/><T130/><D130/><U88/><E104/><V80/><F8/><W74/><G98/><T129/><D129/><U133/><E133/><V89/><F125/><W6/><G60/><T32/><D32/><U91/><E72/><V26/><F26/><W123/><G117/><T83/><D83/><U11/><E76/><V31/><F89/><W2/><G82/><T33/><D33/><U90/><E109/><N who="3" m="41482" /><G74/><T18/><D30/><U75/><E75/><V42/><F116/><W43/><AGARI ba="0,0" hai="2,6,10,14,15,43,47,50,120,122,123" m="41482" machi="43" ten="40,1500,0" yaku="14,1" doraHai="114" who="3" fromWho="3" sc="182,-4,235,-7,235,-4,348,15" /><INIT seed="2,0,0,2,3,51" ten="178,228,231,363" oya="2" hai0="100,29,110,67,92,126,130,127,18,101,16,117,39" hai1="98,103,28,94,32,79,56,59,121,5,83,60,91" hai2="10,12,45,43,1,42,40,50,109,129,107,6,69" hai3="44,62,84,72,48,124,24,26,87,53,65,80,47"/><V63/><F107/><W106/><G106/><T49/><D39/><U64/><E121/><V36/><F129/><W131/><G131/><T66/><D130/><U9/><E32/><V17/><F109/><W118/><G118/><T71/><D117/><U73/><E28/><V46/><F42/><W97/><G124/><N who="0" m="47659" /><D29/><U3/><E103/><N who="0" m="39497" /><D92/><U25/><E25/><V35/><F35/><W33/><G97/><T14/><D14/><U57/><AGARI ba="0,0" hai="3,5,9,56,57,59,60,64,73,79,83,91,94,98" machi="57" ten="20,1500,0" yaku="0,1,7,1" doraHai="51" who="1" fromWho="1" sc="178,-4,228,15,231,-7,363,-4" /><INIT seed="3,0,0,5,0,44" ten="174,243,224,359" oya="3" hai0="31,85,131,74,106,78,48,68,54,40,66,47,53" hai1="112,8,59,14,76,16,135,84,69,21,15,36,122" hai2="24,26,100,132,126,62,27,127,42,9,124,90,95" hai3="41,43,129,11,81,39,113,97,22,134,10,114,55"/><W51/><G134/><T108/><D74/><U28/><E69/><V38/><F132/><W58/><G129/><T50/><D106/><U65/><E135/><V102/><F62/><W46/><G43/><T23/><D108/><U120/><E36/><V94/><F94/><W57/><G22/><T115/><D115/><U109/><E109/><V17/><F38/><W116/><G116/><T56/><D68/><U71/><E71/><V103/><F42/><W18/><G97/><T49/><D66/><U77/><E112/><V96/><REACH who="2" step="1"/><F9/><REACH who="2" ten="174,243,214,359" step="2"/><W7/><G11/><T73/><D131/><U86/><E122/><V98/><F98/><W33/><G10/><T87/><D73/><U117/><E120/><V111/><F111/><W79/><G41/><T13/><D78/><U93/><E117/><V34/><F34/><W12/><G39/><T19/><REACH who="0" step="1"/><D31/><REACH who="0" ten="164,243,214,359" step="2"/><U75/><E28/><V83/><F83/><W0/><G81/><T2/><D2/><U105/><E77/><V119/><F119/><W118/><G79/><T67/><D67/><U1/><E76/><V123/><F123/><W4/><G118/><T130/><D130/><U30/><E75/><V61/><F61/><W35/><G0/><T101/><D101/><U82/><E30/><V125/><N who="2" m="31744" /><DORA hai="91" /><V107/><F107/><W25/><G114/><T32/><D32/><U110/><E1/><V89/><F89/><W104/><G104/><T5/><D5/><N who="3" m="2121" /><G113/><T80/><D80/><U72/><E82/><V99/><F99/><W64/><G64/><T52/><D52/><U20/><E65/><V45/><F45/><AGARI ba="0,2" hai="13,19,23,40,45,47,48,49,50,53,54,56,85,87" machi="45" ten="30,12000,2" yaku="1,1,6,1,7,1,8,1,52,3,53,0" doraHai="44,91" doraHaiUra="121,63" who="0" fromWho="2" sc="164,140,243,0,214,-120,359,0" /><INIT seed="4,0,0,1,3,88" ten="304,243,94,359" oya="0" hai0="9,134,83,79,98,4,103,6,73,107,42,119,5" hai1="51,66,104,120,118,32,71,122,90,108,40,101,78" hai2="85,18,50,112,54,77,1,48,49,89,121,87,124" hai3="111,86,97,24,12,47,109,33,70,133,115,52,102"/><T39/><D134/><U95/><E108/><V7/><F124/><W30/><G133/><T67/><D119/><U84/><E118/><V82/><F112/><W76/><G70/><T68/><D67/><U0/><E0/><V131/><F131/><W128/><G128/><T17/><D68/><U35/><E71/><V127/><F121/><W2/><G2/><T99/><D17/><U10/><E66/><V36/><F36/><W74/><G74/><T3/><REACH who="0" step="1"/><D98/><REACH who="0" ten="294,243,94,359" step="2"/><U53/><E122/><V63/><F127/><W57/><G97/><T41/><D41/><U45/><E120/><V21/><F7/><W23/><G109/><T60/><D60/><U43/><E43/><V96/><F96/><W125/><G111/><T81/><D81/><U132/><E40/><V25/><F1/><W75/><G125/><T11/><D11/><U38/><E10/><V26/><F63/><W62/><G62/><T29/><D29/><U16/><E16/><V58/><REACH who="2" step="1"/><F26/><REACH who="2" ten="294,243,84,359" step="2"/><W28/><G24/><T69/><D69/><U117/><E117/><V123/><F123/><W22/><G115/><T31/><D31/><U55/><E132/><V130/><F130/><W126/><G30/><T14/><D14/><U94/><E38/><V100/><F100/><W65/><G102/><T113/><D113/><U56/><E101/><V8/><F8/><W20/><G28/><T129/><D129/><U59/><E32/><V13/><F13/><W37/><G33/><T114/><D114/><U61/><E35/><V72/><F72/><W91/><G75/><T110/><D110/><U64/><E61/><RYUUKYOKU ba="0,2" sc="294,15,243,-15,84,15,359,-15" hai0="3,4,5,6,9,39,42,73,79,83,99,103,107" hai2="18,21,25,48,49,50,54,58,77,82,85,87,89" /><INIT seed="4,1,2,5,3,54" ten="309,228,99,344" oya="0" hai0="48,34,77,35,41,84,45,76,87,63,20,44,59" hai1="22,79,100,111,74,6,17,60,110,2,27,130,107" hai2="24,101,18,95,81,97,71,80,3,43,19,4,53" hai3="29,78,46,109,67,83,58,119,122,117,108,75,47"/><T65/><D77/><U37/><E37/><V96/><F71/><W85/><G29/><T49/><D20/><U56/><E107/><V92/><F43/><W129/><G75/><T15/><D15/><U57/><E100/><V32/><F32/><W91/><G78/><T68/><D84/><U31/><E130/><V90/><F3/><W133/><G129/><T69/><D34/><U114/><E114/><V25/><F4/><W10/><G10/><T118/><D35/><U39/><E39/><V120/><F120/><W1/><G1/><T9/><D9/><U30/><E2/><V93/><F93/><W113/><G122/><T135/><D135/><U61/><E6/><V123/><F123/><W7/><G7/><T36/><D118/><U72/><E79/><V102/><REACH who="2" step="1"/><F53/><REACH who="2" ten="309,228,89,344" step="2"/><W42/><G42/><T127/><D69/><U23/><E17/><V86/><F86/><W51/><G85/><T106/><D87/><U28/><E28/><V94/><F94/><W52/><G119/><T26/><D68/><U38/><E38/><V11/><F11/><W66/><G117/><T16/><D36/><U0/><E0/><V134/><F134/><W73/><G133/><T121/><D121/><U125/><E125/><V14/><F14/><W126/><G126/><T104/><D127/><U13/><E13/><V103/><F103/><W12/><G12/><T40/><D76/><U98/><E98/><V105/><F105/><W33/><G33/><T5/><D5/><U70/><E70/><V131/><F131/><W88/><G52/><T115/><D115/><U21/><E22/><RYUUKYOKU ba="1,3" sc="309,10,228,10,89,10,344,-30" hai0="16,26,40,41,44,45,48,49,59,63,65,104,106" hai1="21,23,27,30,31,56,57,60,61,72,74,110,111" hai2="18,19,24,25,80,81,90,92,95,96,97,101,102" /><INIT seed="4,2,3,5,0,52" ten="319,238,99,314" oya="0" hai0="72,59,120,1,68,2,102,81,31,118,83,114,26" hai1="98,30,88,73,38,61,28,35,97,21,121,41,70" hai2="55,16,69,76,109,29,57,90,101,106,0,116,66" hai3="92,115,47,56,3,126,10,32,14,122,18,5,100"/><T84/><D114/><U33/><E73/><V24/><F109/><W60/><G115/><T63/><D118/><U11/><E121/><V43/><F0/><W87/><G126/><T85/><D68/><U58/><E70/><V40/><F76/><W34/><G122/><T132/><D102/><U93/><E98/><N who="2" m="61751" /><F90/><W48/><G87/><T123/><D132/><U54/><E11/><V53/><F16/><W75/><G75/><T86/><D123/><U17/><E35/><N who="2" m="20903" /><F55/><W128/><G128/><T65/><D120/><U119/><E33/><V133/><F133/><W9/><G100/><T20/><REACH who="0" step="1"/><D81/><REACH who="0" ten="309,238,99,314" step="2"/><U62/><E119/><V7/><F116/><W42/><REACH who="3" step="1"/><G92/><REACH who="3" ten="309,238,99,304" step="2"/><T108/><D108/><U117/><E117/><V96/><F69/><W49/><G49/><T50/><D50/><U46/><REACH who="1" step="1"/><E61/><REACH who="1" ten="309,228,99,304" step="2"/><V74/><F74/><W103/><G103/><T91/><D91/><U36/><E36/><V95/><F95/><W78/><G78/><AGARI ba="2,6" hai="1,2,20,26,31,59,63,65,72,78,83,84,85,86" machi="78" ten="40,3900,0" yaku="1,1,52,1,53,0" doraHai="52" doraHaiUra="6" who="0" fromWho="3" sc="309,105,228,0,99,0,304,-45" /><INIT seed="4,3,0,0,1,77" ten="414,228,99,259" oya="0" hai0="133,40,4,130,50,113,30,66,42,120,109,19,119" hai1="10,67,88,65,85,26,37,53,33,89,98,97,99" hai2="78,100,118,35,135,80,39,28,32,0,13,83,111" hai3="60,102,108,76,81,29,23,93,114,128,69,122,18"/><T132/><D19/><U94/><E37/><V123/><F0/><W129/><G108/><T24/><D24/><U87/><E33/><V107/><F111/><W25/><G114/><T11/><D30/><U124/><E124/><V59/><F123/><W56/><G69/><T46/><D11/><U79/><E79/><V70/><F70/><W7/><G7/><T91/><D91/><U12/><E53/><V16/><F39/><W84/><G122/><T90/><D90/><U126/><E126/><V41/><F41/><W57/><G57/><T27/><D27/><U101/><E26/><V14/><F118/><W134/><G134/><T44/><D4/><U75/><E75/><V105/><F135/><N who="0" m="51786" /><D109/><U72/><E72/><V3/><F59/><W63/><G63/><T74/><D74/><U117/><E101/><V116/><F116/><W115/><G18/><T125/><D120/><U62/><E62/><V54/><F78/><W61/><G61/><T17/><D17/><N who="1" m="8343" /><E117/><V8/><F3/><W52/><REACH who="3" step="1"/><G115/><REACH who="3" ten="414,228,99,249" step="2"/><T106/><D119/><U34/><E34/><V45/><F35/><W15/><G15/><T55/><D113/><U47/><E47/><V38/><F14/><W127/><G127/><T20/><D125/><U73/><E73/><V86/><F45/><W95/><G95/><AGARI ba="3,1" hai="65,67,85,87,88,89,94,95,97,98,99" m="8343" machi="95" ten="30,2000,0" yaku="8,1,54,1" doraHai="77" who="1" fromWho="3" sc="414,0,228,39,99,0,249,-29" /><INIT seed="5,0,0,4,3,46" ten="414,267,99,220" oya="1" hai0="22,1,14,131,103,107,49,101,36,86,121,66,69" hai1="54,57,62,11,13,97,24,26,34,95,21,35,31" hai2="38,28,25,6,114,80,61,119,100,60,108,58,7" hai3="94,90,19,84,3,27,30,0,40,116,129,132,39"/><U133/><E133/><V117/><F38/><W92/><G132/><T125/><D1/><U128/><E128/><V55/><F108/><W81/><G129/><T53/><D36/><U8/><E8/><V18/><F119/><W47/><G116/><T75/><D75/><U135/><E135/><V78/><F114/><W67/><G67/><T91/><D107/><U96/><E24/><V63/><F100/><W79/><G19/><T76/><D76/><U130/><E130/><V68/><F18/><W72/><REACH who="3" step="1"/><G94/><REACH who="3" ten="414,267,99,210" step="2"/><T111/><D66/><U64/><E64/><V52/><F117/><W98/><G98/><T126/><D131/><U120/><E96/><V71/><F68/><W4/><G4/><T2/><D69/><U113/><E113/><V134/><F71/><W50/><G50/><T43/><D49/><U89/><E120/><V118/><F118/><W115/><G115/><T74/><D121/><U41/><REACH who="1" step="1"/><E41/><REACH who="1" ten="414,257,99,210" step="2"/><V70/><F134/><W29/><G29/><T12/><D43/><U109/><E109/><V15/><F28/><W82/><G82/><T59/><D111/><U88/><E88/><V85/><F80/><W127/><G127/><T51/><D126/><U102/><E102/><V104/><F7/><AGARI ba="0,2" hai="7,11,13,21,26,31,34,35,54,57,62,89,95,97" machi="7" ten="30,2900,0" yaku="1,1,7,1,53,0" doraHai="46" doraHaiUra="32" who="1" fromWho="2" sc="414,0,257,49,99,-29,210,0" /><INIT seed="5,1,0,0,0,85" ten="414,306,70,210" oya="1" hai0="102,65,13,92,122,75,51,7,56,41,28,126,90" hai1="117,129,79,121,22,70,3,73,88,42,34,21,37" hai2="54,9,100,46,32,135,119,98,35,95,80,96,59" hai3="124,24,118,113,49,86,45,23,101,94,27,116,123"/><U55/><E117/><N who="3" m="45162" /><G123/><T103/><D75/><U99/><E121/><V89/><F135/><W134/><G134/><T63/><D28/><U43/><E34/><V110/><F110/><W111/><G111/><T33/><D126/><U81/><E70/><V104/><F46/><W128/><G124/><T64/><D64/><U25/><E3/><V38/><F38/><W47/><G113/><T14/><D33/><U20/><E129/><V76/><F9/><W48/><G128/><T66/><D66/><U115/><E115/><V8/><F8/><W2/><G2/><T62/><D62/><U67/><E67/><V12/><F12/><W71/><G71/><T5/><D13/><U107/><E37/><V31/><F31/><W57/><G57/><T10/><D7/><U58/><E25/><V40/><F40/><N who="3" m="24615" /><G23/><T74/><D74/><U112/><E107/><V53/><F53/><N who="3" m="29887" /><G86/><N who="0" m="52311" /><D122/><U52/><E112/><V4/><F4/><W82/><G82/><T106/><D106/><U87/><E55/><V105/><F105/><W93/><G101/><N who="0" m="38411" /><D51/><N who="1" m="31007" /><E73/><V109/><F109/><W36/><G36/><T132/><D132/><U127/><E127/><V68/><F68/><W114/><G114/><T77/><D41/><U78/><E78/><AGARI ba="1,0" hai="5,10,14,56,63,65,77,78" m="38411,52311" machi="78" ten="30,2000,0" yaku="8,1,52,1" doraHai="85" who="0" fromWho="1" sc="414,23,306,-23,70,0,210,0" /><INIT seed="6,0,0,1,1,15" ten="437,283,70,210" oya="2" hai0="36,27,96,101,120,6,116,51,14,84,128,8,91" hai1="129,79,82,57,20,76,56,28,99,9,133,35,130" hai2="41,80,4,107,115,92,124,0,12,87,71,42,37" hai3="22,48,135,127,7,25,44,33,85,78,34,24,5"/><V134/><F107/><W55/><G135/><T74/><D36/><U10/><E35/><V97/><F71/><W3/><G127/><T69/><D74/><U110/><E110/><V1/><F115/><W32/><G3/><T70/><D128/><N who="1" m="49259" /><E99/><V49/><F37/><W126/><G126/><T43/><D120/><U86/><E76/><V50/><F134/><W54/><G25/><T83/><D116/><U111/><E111/><V66/><F66/><W103/><G103/><T112/><D112/><U11/><E133/><V109/><F109/><W88/><G55/><T77/><D91/><U16/><E28/><V19/><F4/><W59/><G44/><N who="0" m="26015" /><D27/><AGARI ba="0,0" hai="9,10,11,16,20,27,56,57,79,82,86" m="49259" machi="27" ten="30,3900,0" yaku="19,1,52,1,54,1" doraHai="15" who="1" fromWho="0" sc="437,-39,283,39,70,0,210,0" /><INIT seed="7,0,0,3,3,13" ten="398,322,70,210" oya="3" hai0="75,40,50,2,29,49,63,56,80,55,107,91,47" hai1="83,44,26,109,43,23,17,51,78,62,118,45,115" hai2="0,67,42,123,130,85,95,100,72,58,46,18,52" hai3="7,79,122,73,105,133,81,20,120,38,102,57,94"/><W82/><G38/><T113/><D107/><U12/><E115/><V28/><F130/><W110/><G7/><T37/><D2/><U66/><E118/><V93/><F72/><W19/><G105/><T65/><D113/><U5/><E109/><V119/><F0/><W10/><G10/><T135/><D135/><U32/><E44/><V27/><F67/><W21/><G21/><T76/><D29/><U41/><E32/><V116/><F123/><W104/><G104/><T16/><D91/><U132/><E132/><V25/><F28/><W128/><G128/><T77/><D77/><U84/><E5/><V86/><F119/><W3/><G3/><T125/><D125/><U48/><E48/><V87/><F116/><W127/><G127/><T11/><D65/><U126/><E126/><V101/><F27/><W90/><G133/><T71/><D71/><U74/><E74/><V134/><F134/><W68/><G68/><T8/><D8/><U1/><E1/><V96/><F46/><W22/><G110/><T14/><AGARI ba="0,0" hai="11,14,16,37,40,47,49,50,55,56,63,75,76,80" machi="14" ten="30,4000,0" yaku="0,1,52,1,54,1" doraHai="13" who="0" fromWho="0" sc="398,40,322,-10,70,-10,210,-20" owari="438,54.0,312,11.0,60,-44.0,190,-21.0" /></mjloggm>