<mjloggm ver="2.3"><GO type="169" lobby="0"/><UN n0="%2D%4E%6F%73%74%79%2D" n1="%4A%2E%47%61%72%63%69%61" n2="%E3%81%8D%E3%82%80%E3%82%8A%E3%82%87%E3%83%BC%E3%83%BC%E3%83%BC%E3%83%BC" n3="%63%68%61%2D%63%68%61%2D" dan="16,16,16,16" rate="2080.57,2098.43,2052.13,2165.37" sx="M,M,M,M"/><TAIKYOKU oya="0"/><INIT seed="0,0,0,2,5,105" ten="250,250,250,250" oya="0" hai0="27,9,59,50,21,63,119,97,87,116,94,15,61" hai1="47,55,8,89,90,126,0,23,117,76,40,26,100" hai2="134,13,43,30,125,56,111,115,123,22,85,133,103" hai3="35,2,69,48,130,109,39,28,7,24,132,107,25"/><T112/><D112/><U114/><E117/><V71/><F71/><W64/><G48/><T70/><D70/><U18/><E126/><V120/><F103/><W5/><G69/><T67/><D87/><U17/><E100/><V3/><F43/><W106/><G28/><T121/><D121/><U52/><E76/><V98/><F98/><W29/><G29/><T46/><D63/><U44/><E0/><V72/><F85/><W81/><G35/><T74/><D74/><U1/><E1/><V131/><F56/><W33/><G33/><T16/><D94/><U57/><E114/><V58/><F58/><W93/><G2/><T86/><D86/><U80/><E40/><V45/><F45/><N who="1" m="17481" /><E80/><V42/><F42/><W118/><G118/><T11/><D97/><U38/><E38/><V88/><F3/><W95/><G39/><T60/><D60/><N who="1" m="35879" /><E55/><V135/><F115/><W104/><G104/><T73/><D73/><U101/><E101/><V49/><F72/><W91/><G81/><T31/><REACH who="0" step="1"/><D9/><REACH who="0" ten="240,250,250,250" step="2"/><U78/><E78/><V99/><F120/><W102/><G107/><T92/><D92/><U68/><E68/><V34/><F123/><W36/><G95/><T77/><D77/><U4/><E8/><V65/><F99/><W20/><G93/><T53/><AGARI ba="0,1" hai="11,15,16,21,27,31,46,50,53,59,61,67,116,119" machi="53" ten="20,12000,1" yaku="1,1,0,1,7,1,54,1,53,1" doraHai="105" doraHaiUra="19" who="0" fromWho="0" sc="240,130,250,-40,250,-40,250,-40" /><INIT seed="0,1,0,5,3,76" ten="370,210,210,210" oya="0" hai0="95,60,118,48,107,34,121,120,49,130,128,101,31" hai1="33,26,70,55,132,87,58,114,75,65,73,102,97" hai2="94,10,4,57,83,63,99,13,92,9,14,78,54" hai3="89,105,23,36,64,2,124,32,52,93,30,51,81"/><T129/><D118/><U80/><E132/><V82/><F78/><W38/><G105/><T127/><D107/><U104/><E114/><V96/><F94/><W98/><G124/><T20/><D34/><U21/><E33/><V125/><F125/><W5/><G32/><T111/><D127/><U106/><E65/><V108/><F108/><W113/><G113/><T66/><D111/><U56/><E70/><V17/><F96/><W88/><G64/><T11/><D11/><U47/><E47/><V115/><F115/><W18/><G30/><T79/><D79/><U122/><E58/><V16/><REACH who="2" step="1"/><F4/><REACH who="2" ten="370,210,200,210" step="2"/><W126/><G126/><T86/><D95/><U19/><E106/><V25/><F25/><W50/><G5/><T35/><D121/><U100/><E122/><V135/><F135/><W91/><G91/><AGARI ba="1,1" hai="9,10,13,14,16,17,54,57,63,82,83,91,92,99" machi="91" ten="30,16000,3" yaku="1,1,7,1,9,1,8,1,52,2,54,1,53,1" doraHai="76" doraHaiUra="53" who="2" fromWho="3" sc="370,0,210,0,200,173,210,-163" /><INIT seed="1,0,0,4,5,67" ten="370,210,373,47" oya="1" hai0="36,126,62,73,57,125,95,69,15,85,104,21,7" hai1="113,72,118,58,83,130,133,123,107,100,17,131,42" hai2="48,46,65,92,120,56,66,1,97,79,106,61,111" hai3="0,24,39,19,127,70,74,30,102,45,134,88,91"/><U98/><E42/><V87/><F111/><W49/><G39/><T128/><D104/><U22/><E123/><V5/><F106/><W50/><G74/><T37/><D73/><U86/><E118/><V40/><F1/><W38/><G38/><T2/><D2/><U129/><E113/><V90/><F120/><W6/><G134/><T77/><D128/><U20/><E133/><V12/><F5/><W75/><G75/><T29/><D69/><U99/><E58/><V16/><F79/><W94/><G127/><N who="0" m="48651" /><D29/><U52/><E99/><V101/><F101/><W14/><G70/><T117/><D117/><U43/><E43/><V89/><F89/><W93/><G6/><T108/><D108/><U9/><E72/><V47/><F47/><W28/><G0/><T13/><D13/><N who="1" m="7343" /><E52/><V68/><F68/><W71/><G71/><T34/><D34/><U105/><E105/><V122/><F122/><W78/><G45/><T26/><D7/><U33/><E33/><V80/><F97/><W132/><G132/><T135/><D135/><U55/><E55/><V81/><REACH who="2" step="1"/><F66/><REACH who="2" ten="370,210,363,47" step="2"/><W54/><G102/><T112/><D77/><AGARI ba="0,1" hai="20,22,77,83,86,98,100,107,129,130,131" m="7343" machi="77" ten="30,1500,0" yaku="19,1" doraHai="67" who="1" fromWho="0" sc="370,-15,210,25,363,0,47,0" /><INIT seed="1,1,0,1,4,133" ten="355,235,363,47" oya="1" hai0="24,86,46,6,101,61,103,34,94,131,32,99,13" hai1="47,102,69,120,16,87,7,80,22,3,9,118,106" hai2="85,35,81,109,29,45,95,125,40,134,25,58,110" hai3="28,49,74,76,77,124,1,63,59,8,97,37,112"/><U39/><E120/><V17/><F125/><W67/><G112/><T60/><D131/><U56/><E118/><V83/><F58/><W48/><G37/><T116/><D116/><U79/><E69/><V43/><F17/><W88/><G28/><T31/><D34/><U78/><E78/><V38/><F43/><W26/><G26/><T113/><D113/><U117/><E117/><V0/><F0/><W114/><G114/><T73/><D73/><U15/><E56/><V123/><F123/><W93/><G124/><T71/><D103/><U4/><E4/><V19/><F19/><W5/><REACH who="3" step="1"/><G76/><REACH who="3" ten="355,235,363,37" step="2"/><T41/><D31/><U53/><E39/><V132/><F134/><W62/><G62/><T23/><D61/><U11/><E11/><V105/><F132/><W121/><G121/><T36/><D60/><U33/><E33/><V64/><F29/><W82/><AGARI ba="1,1" hai="1,5,8,48,49,59,63,67,74,77,82,88,93,97" machi="82" ten="30,4000,0" yaku="1,1,0,1,54,1,53,0" doraHai="133" doraHaiUra="111" who="3" fromWho="3" sc="355,-11,235,-21,363,-11,37,53" /><INIT seed="2,0,0,2,2,66" ten="344,214,352,90" oya="2" hai0="25,64,45,3,121,60,127,52,2,69,128,16,62" hai1="56,107,7,54,37,47,94,96,104,20,79,48,32" hai2="90,84,33,98,5,115,92,124,70,78,18,135,73" hai3="111,113,81,100,57,89,21,1,133,65,42,12,31"/><V67/><F115/><W61/><G113/><T51/><D121/><U30/><E32/><V95/><F33/><W88/><G111/><T19/><D128/><U35/><E35/><V102/><F124/><W24/><G133/><T125/><D60/><U27/><E79/><V34/><F34/><W39/><G1/><T130/><D130/><U80/><E80/><V49/><F5/><W72/><G12/><T58/><D3/><U10/><E37/><V91/><F49/><W134/><G134/><T26/><D2/><U23/><E23/><V74/><F18/><W22/><G22/><T85/><D85/><U0/><REACH who="1" step="1"/><E47/><REACH who="1" ten="344,204,352,90" step="2"/><V86/><F135/><W36/><G36/><T28/><D45/><U117/><E117/><V76/><F78/><W55/><G81/><T43/><D127/><U99/><E99/><V40/><F76/><W118/><G118/><T68/><D125/><U129/><E129/><V119/><F119/><W6/><G39/><T126/><D126/><U106/><E106/><V110/><F110/><W11/><G21/><T87/><D26/><U103/><AGARI ba="0,1" hai="0,7,10,20,27,30,48,54,56,94,96,103,104,107" machi="103" ten="20,2700,0" yaku="1,1,0,1,7,1,53,0" doraHai="66" doraHaiUra="82" who="1" fromWho="1" sc="344,-7,204,37,352,-13,90,-7" /><INIT seed="3,0,0,0,2,131" ten="337,241,339,83" oya="3" hai0="75,129,55,134,30,122,73,97,81,124,58,59,74" hai1="35,76,25,68,47,26,89,100,70,20,29,118,36" hai2="109,17,57,41,93,44,23,22,27,71,116,96,21" hai3="104,18,105,123,9,108,34,103,132,39,56,79,106"/><W13/><G123/><T69/><D129/><U2/><E118/><V78/><F71/><W4/><G108/><T49/><D122/><U7/><E100/><V51/><F116/><W92/><G39/><T86/><D69/><U113/><E113/><V60/><F78/><W31/><G132/><T102/><D134/><U98/><E76/><V119/><F109/><W52/><G79/><T62/><D124/><U121/><E121/><V125/><F125/><W117/><G117/><T83/><D30/><U33/><E7/><V37/><F37/><W5/><G34/><T11/><D11/><U130/><E2/><V43/><F41/><W91/><G31/><T88/><D83/><U14/><E14/><V112/><F112/><W54/><G103/><T82/><D82/><U114/><E114/><V40/><F40/><W101/><G101/><T10/><D10/><U99/><E20/><V48/><F48/><W24/><G24/><T107/><D75/><U61/><E61/><V80/><F80/><W42/><G42/><T63/><REACH who="0" step="1"/><D49/><REACH who="0" ten="327,241,339,83" step="2"/><U87/><E29/><V3/><F119/><W67/><G4/><T28/><D28/><U120/><E120/><V115/><F115/><W85/><REACH who="3" step="1"/><G5/><REACH who="3" ten="327,241,339,73" step="2"/><T45/><D45/><U12/><E47/><V32/><F32/><W94/><G94/><T38/><D38/><U53/><E36/><V133/><F133/><W8/><G8/><T65/><AGARI ba="0,2" hai="55,58,59,62,63,65,73,74,81,86,88,97,102,107" machi="65" ten="20,5200,0" yaku="1,1,0,1,7,1,54,1,53,0" doraHai="131" doraHaiUra="111" who="0" fromWho="0" sc="327,72,241,-13,339,-13,73,-26" /><INIT seed="4,0,0,2,5,134" ten="399,228,326,47" oya="0" hai0="133,76,58,51,32,65,55,74,16,54,19,67,80" hai1="117,41,0,30,47,131,81,52,93,31,129,15,28" hai2="124,91,48,23,106,125,64,122,60,78,5,105,37" hai3="40,9,128,1,11,83,36,8,73,42,98,14,75"/><T110/><D133/><U112/><E117/><V66/><F37/><W68/><G128/><N who="1" m="49226" /><E0/><V108/><F108/><W114/><G114/><T109/><D32/><U21/><E81/><V77/><F122/><W104/><G1/><T115/><D115/><U34/><E34/><V29/><F5/><W118/><G118/><T44/><D110/><U102/><E112/><V63/><F48/><W12/><G36/><T27/><D109/><U101/><E93/><V49/><F49/><W26/><G83/><T33/><D19/><N who="1" m="10495" /><E52/><V61/><F91/><W100/><G26/><T135/><D135/><U89/><E89/><V70/><F23/><W87/><G87/><T72/><D72/><U132/><E132/><V82/><F29/><W95/><G95/><T3/><D3/><U96/><E96/><V50/><F50/><AGARI ba="0,0" hai="28,30,31,41,47,50,101,102" m="10495,49226" machi="50" ten="30,1000,0" yaku="19,1" doraHai="134" who="1" fromWho="2" sc="399,0,228,10,326,-10,47,0" /><INIT seed="5,0,0,3,5,101" ten="399,238,316,47" oya="1" hai0="98,48,37,53,115,125,80,16,110,102,30,24,14" hai1="39,88,119,22,55,25,100,41,78,124,17,34,109" hai2="91,74,83,75,57,47,58,4,36,89,105,134,7" hai3="99,46,93,131,72,73,77,59,0,15,79,65,19"/><U40/><E119/><V95/><F134/><W103/><G0/><T87/><D37/><U85/><E34/><V70/><F70/><W90/><G46/><T114/><D125/><U121/><E121/><V84/><F36/><W3/><G3/><T106/><D110/><U130/><E130/><V43/><F43/><W86/><G15/><T76/><D30/><U8/><E78/><N who="3" m="29706" /><G59/><T2/><D24/><U11/><E124/><V54/><F47/><W67/><G19/><T50/><D2/><U38/><E38/><V127/><F54/><W61/><G61/><T1/><D1/><U66/><E66/><V133/><F133/><W118/><G65/><T10/><REACH who="0" step="1"/><D53/><REACH who="0" ten="389,238,316,47" step="2"/><U96/><E109/><V122/><F127/><W5/><G131/><T49/><AGARI ba="0,1" hai="10,14,16,48,49,50,76,80,87,98,102,106,114,115" machi="49" ten="30,8000,1" yaku="1,1,2,1,0,1,52,1,54,1,53,0" doraHai="101" doraHaiUra="116" who="0" fromWho="0" sc="389,90,238,-40,316,-20,47,-20" /><INIT seed="6,0,0,2,0,135" ten="479,198,296,27" oya="2" hai0="33,23,9,112,38,85,29,36,32,100,60,52,124" hai1="20,115,27,73,17,10,28,117,69,77,107,70,83" hai2="134,102,97,80,12,76,42,31,39,113,5,122,58" hai3="119,108,19,55,127,103,41,125,89,6,131,53,116"/><V14/><F122/><W3/><G103/><T106/><D9/><U30/><E117/><N who="3" m="45130" /><G89/><T126/><D106/><U121/><E115/><V0/><F113/><W48/><G19/><T94/><D112/><U129/><E107/><V8/><F134/><W4/><G3/><T95/><D60/><U47/><E129/><V62/><F31/><W54/><G6/><T13/><D52/><N who="3" m="20073" /><G4/><T75/><D75/><U25/><E121/><V99/><F99/><W90/><G90/><N who="0" m="53583" /><D33/><U98/><E47/><N who="2" m="24031" /><F58/><N who="3" m="33127" /><G131/><T66/><D32/><U104/><E98/><V61/><F12/><W35/><G35/><T105/><D105/><U7/><E104/><N who="2" m="63567" /><F14/><W109/><G41/><T49/><D100/><U101/><E101/><V45/><F80/><W57/><G57/><T111/><D95/><U81/><E81/><V79/><F76/><W59/><G59/><T88/><D88/><U78/><E78/><V128/><F128/><W56/><G56/><T87/><D87/><U24/><E28/><V51/><F79/><W67/><G67/><T21/><D66/><U18/><E30/><V11/><F8/><W22/><G22/><T86/><D23/><U93/><E93/><V44/><F0/><W16/><G16/><N who="1" m="6250" /><E20/><V120/><F11/><W132/><G132/><T26/><D13/><N who="1" m="5343" /><E83/><V34/><F34/><W74/><G74/><T91/><D21/><U63/><E77/><V110/><F5/><W130/><G130/><T43/><D29/><U2/><E2/><V71/><F62/><W68/><G68/><N who="1" m="26218" /><E73/><V92/><F71/><W46/><G46/><T123/><D91/><U84/><E84/><RYUUKYOKU ba="0,0" sc="479,-15,198,15,296,-15,27,15" hai1="24,25,27,63" hai3="108,109,125,127" /><INIT seed="7,1,0,5,2,98" ten="464,213,281,42" oya="3" hai0="25,47,124,64,29,44,82,39,46,2,37,41,109" hai1="120,19,86,69,83,71,92,77,101,58,14,56,128" hai2="57,111,122,11,26,105,94,13,89,6,74,65,132" hai3="130,119,10,93,95,70,20,42,84,75,121,35,118"/><W31/><G121/><T15/><D2/><U3/><E3/><V21/><F111/><W28/><G75/><T88/><D15/><U134/><E134/><V36/><F105/><W125/><G70/><T51/><D124/><U78/><E128/><V87/><F74/><W59/><G130/><T52/><D109/><U55/><E78/><V72/><F72/><W9/><G125/><T45/><D64/><U54/><E120/><V60/><F132/><W62/><G35/><T79/><D88/><U110/><E110/><V115/><F115/><W53/><G118/><T131/><D131/><U32/><E32/><V97/><F36/><W126/><G119/><T68/><D68/><U133/><E133/><V30/><F122/><W48/><G126/><T76/><D76/><U18/><E18/><V34/><F34/><W117/><G117/><T61/><D61/><U7/><E7/><V73/><F73/><W102/><G84/><AGARI ba="1,0" hai="6,11,13,21,26,30,57,60,65,84,87,89,94,97" machi="84" ten="40,1300,0" yaku="8,1" doraHai="98" who="2" fromWho="3" sc="464,0,213,0,281,16,42,-16" owari="464,56.0,213,-19.0,297,10.0,26,-47.0" /></mjloggm>