<mjloggm ver="2.3"><GO type="169" lobby="0"/><UN n0="%E7%A2%A7%E3%81%84%E9%87%8E%E7%8D%A3" n1="%E3%83%80%E3%82%AF%E3%82%BF%E3%83%BC%E3%82%AF%E3%83%AA%E3%83%83%E3%83%97" n2="%63%68%61%2D%63%68%61%2D" n3="%E3%81%8A%E3%82%93%E3%81%A8%E3%81%82" dan="16,17,16,17" rate="2121.73,2199.82,2159.04,2182.59" sx="M,M,M,M"/><TAIKYOKU oya="0"/><INIT seed="0,0,0,2,4,47" ten="250,250,250,250" oya="0" hai0="49,42,25,109,30,110,53,124,77,2,19,17,122" hai1="94,130,78,68,111,15,104,97,96,28,23,46,133" hai2="91,135,123,21,99,12,48,103,40,87,132,24,62" hai3="76,82,65,70,32,79,69,1,4,10,60,102,117"/><T107/><D122/><U22/><E111/><N who="0" m="42505" /><D2/><U74/><E68/><V90/><F123/><W8/><G117/><T89/><D107/><U118/><E133/><N who="2" m="51275" /><F62/><W72/><G76/><T113/><D124/><U56/><E130/><V58/><F12/><W108/><G108/><T0/><D0/><U57/><E46/><N who="2" m="25671" /><F58/><W64/><G10/><T16/><D77/><U101/><E78/><V105/><F87/><W127/><G102/><T41/><D89/><U134/><E101/><V59/><F59/><W75/><G127/><T9/><D113/><U131/><E57/><V92/><F105/><W83/><G83/><T126/><D9/><U114/><E104/><V88/><F103/><W119/><G119/><T61/><D61/><U18/><E114/><V100/><F100/><W35/><G72/><T121/><D121/><U37/><E74/><V63/><F63/><AGARI ba="0,0" hai="1,4,8,32,35,60,63,64,65,69,70,75,79,82" machi="63" ten="40,8000,1" yaku="9,1,33,3" doraHai="47" who="3" fromWho="2" sc="250,0,250,0,250,-80,250,80" /><INIT seed="1,0,0,4,5,2" ten="250,250,170,330" oya="1" hai0="92,44,79,78,9,111,45,3,60,81,72,65,24" hai1="32,43,42,6,71,67,110,120,131,118,109,129,99" hai2="8,103,104,25,114,48,85,73,50,13,66,41,96" hai3="14,119,125,36,83,122,59,132,127,10,35,130,57"/><U20/><E32/><V88/><F114/><W55/><G122/><T94/><D111/><N who="1" m="42507" /><E20/><V134/><F134/><W76/><G132/><T75/><D24/><U106/><E120/><V84/><F84/><W123/><G123/><T34/><D34/><U7/><E118/><V64/><F73/><W19/><G130/><N who="1" m="49674" /><E67/><V12/><F12/><W23/><G35/><T89/><D94/><U108/><N who="1" m="42515" /><U58/><DORA hai="16" /><E58/><V105/><F105/><W54/><G23/><T0/><D92/><U52/><E52/><V51/><F25/><W31/><G55/><T126/><D65/><U87/><E87/><V61/><F41/><N who="1" m="15369" /><E71/><V115/><F115/><W22/><G59/><T15/><D72/><U56/><E56/><V90/><F85/><N who="3" m="48359" /><G119/><T30/><D75/><U121/><E121/><V113/><F113/><W18/><G57/><T80/><D44/><U62/><E62/><V70/><REACH who="2" step="1"/><F66/><REACH who="2" ten="250,250,160,330" step="2"/><W116/><G116/><T1/><D45/><U63/><E63/><V4/><AGARI ba="0,1" hai="4,8,13,48,50,51,61,64,70,88,90,96,103,104" machi="4" ten="30,12000,2" yaku="1,1,2,1,0,1,52,1,54,1,53,1" doraHai="2,16" doraHaiUra="95,29" who="2" fromWho="2" sc="250,-30,250,-60,160,130,330,-30" /><INIT seed="2,0,0,0,2,48" ten="220,190,290,300" oya="2" hai0="120,81,14,131,121,10,5,79,110,62,95,102,61" hai1="105,39,67,103,45,134,49,21,91,126,87,53,3" hai2="124,76,130,37,72,44,125,52,93,75,24,98,113" hai3="11,116,16,29,36,68,56,123,83,107,41,1,122"/><V128/><F113/><W80/><G68/><T55/><D110/><U28/><E134/><V89/><F24/><W17/><G107/><T63/><D131/><N who="2" m="50218" /><F37/><W26/><G41/><T35/><D35/><U58/><E126/><N who="2" m="48747" /><F76/><W6/><G36/><T127/><D127/><U82/><E3/><V2/><F2/><W94/><G116/><T38/><D38/><U86/><E39/><V129/><F129/><W112/><G112/><T4/><D121/><U96/><E67/><V57/><F44/><W7/><G26/><T132/><D120/><U9/><E45/><V119/><F119/><W77/><G1/><T31/><D79/><U111/><E111/><V66/><F66/><W135/><G77/><T84/><D14/><U69/><E69/><V108/><F108/><W118/><G118/><T114/><D114/><U50/><E28/><V34/><F34/><W19/><G29/><T60/><D31/><U40/><E40/><V43/><F43/><W33/><G33/><T133/><D133/><U92/><E9/><V0/><F0/><W27/><G135/><T30/><D132/><U20/><REACH who="1" step="1"/><E50/><AGARI ba="0,0" hai="50,52,57,72,75,89,93,98" m="48747,50218" machi="50" ten="30,11600,0" yaku="19,1,18,1,52,1,54,1" doraHai="48" who="2" fromWho="1" sc="220,0,190,-116,290,116,300,0" /><INIT seed="2,1,0,5,3,1" ten="220,74,406,300" oya="2" hai0="42,121,14,27,43,95,18,9,60,122,15,90,68" hai1="31,23,107,33,46,128,32,51,79,97,84,24,47" hai2="50,28,100,120,130,25,37,2,75,70,96,21,66" hai3="45,134,57,39,91,78,17,85,49,44,127,48,54"/><V61/><F130/><W71/><G127/><T108/><D108/><U5/><E128/><V72/><F120/><W101/><G134/><T94/><D27/><U116/><E116/><V34/><F21/><W58/><G71/><T74/><D74/><U126/><E126/><V22/><F22/><W76/><G39/><T26/><D26/><U80/><E47/><V102/><F102/><W64/><G101/><T13/><D68/><U59/><E107/><N who="2" m="63879" /><F50/><W89/><G17/><T52/><D122/><U65/><E97/><V118/><F118/><W41/><G64/><T132/><D132/><U63/><REACH who="1" step="1"/><E5/><REACH who="1" ten="220,64,406,300" step="2"/><V3/><F37/><W111/><G111/><T29/><D121/><U62/><E62/><V124/><F124/><W11/><G45/><T73/><D60/><U35/><E35/><V55/><F55/><AGARI ba="1,1" hai="23,24,31,32,33,46,51,55,59,63,65,79,80,84" machi="55" ten="30,3900,0" yaku="1,1,7,1,53,1" doraHai="1" doraHaiUra="56" who="1" fromWho="2" sc="220,0,64,52,406,-42,300,0" /><INIT seed="3,0,0,3,1,99" ten="220,116,364,300" oya="3" hai0="120,43,63,46,35,84,16,36,89,133,2,78,58" hai1="95,57,85,83,61,13,25,49,80,51,17,29,4" hai2="121,38,66,67,30,102,126,130,11,75,122,79,14" hai3="47,105,106,129,113,100,112,72,55,101,96,131,60"/><W48/><G72/><T81/><D133/><U32/><E4/><V33/><F38/><W74/><G74/><T10/><D35/><U39/><E83/><N who="2" m="45567" /><F130/><N who="3" m="49675" /><G60/><T92/><D120/><N who="2" m="46186" /><F102/><N who="3" m="39531" /><G96/><T20/><D2/><U97/><E39/><V27/><F126/><W77/><G77/><T31/><D10/><U8/><E95/><V64/><F64/><W111/><G111/><T19/><D92/><U132/><E97/><V103/><F103/><W12/><G12/><T91/><D78/><U44/><E132/><V107/><F107/><AGARI ba="0,0" hai="47,48,55,105,106,107,112,113" m="39531,49675" machi="107" ten="30,11600,0" yaku="19,1,52,3" doraHai="99" who="3" fromWho="2" sc="220,0,116,0,364,-116,300,116" /><INIT seed="3,1,0,2,2,14" ten="220,116,248,416" oya="3" hai0="94,85,67,110,123,119,33,98,79,78,38,100,83" hai1="111,121,28,10,52,105,4,120,40,23,92,102,122" hai2="135,134,132,101,69,41,108,39,63,99,55,20,0" hai3="84,15,77,2,9,30,66,49,59,1,97,32,130"/><W21/><G130/><T87/><D38/><U89/><E111/><V128/><F108/><W75/><G75/><T46/><D33/><U117/><E40/><V133/><F128/><W35/><G97/><T126/><D110/><U90/><E117/><V25/><F0/><W112/><G112/><T116/><D67/><U72/><E72/><V53/><F69/><W62/><G2/><T76/><D46/><U60/><E105/><V31/><F63/><W61/><G1/><T80/><D123/><U58/><E102/><V109/><F109/><W91/><G77/><T95/><D126/><U5/><E10/><V103/><F103/><W107/><G62/><T106/><REACH who="0" step="1"/><D76/><REACH who="0" ten="210,116,248,416" step="2"/><U22/><E120/><V65/><F65/><W124/><G32/><T50/><D50/><U12/><E122/><V131/><F131/><W115/><G35/><T127/><D127/><U44/><E44/><N who="2" m="23615" /><F135/><W45/><G124/><T18/><D18/><N who="1" m="10567" /><E121/><V29/><F29/><W17/><G49/><T54/><D54/><U93/><E5/><V37/><F37/><W24/><G45/><T56/><D56/><U74/><E4/><V129/><F129/><W48/><G48/><T42/><D42/><U6/><E6/><V27/><F27/><W118/><G24/><T51/><D51/><U68/><E68/><V73/><F55/><W19/><G66/><T16/><D16/><U96/><E28/><V104/><F53/><W11/><G30/><T71/><D71/><U81/><E52/><V86/><F73/><W125/><G125/><T43/><D43/><U70/><E74/><V88/><F133/><RYUUKYOKU ba="1,1" sc="210,15,116,-15,248,15,416,-15" hai0="78,79,80,83,85,87,94,95,98,100,106,116,119" hai2="20,25,31,86,88,99,101,104,132,134" /><INIT seed="4,2,1,2,5,2" ten="225,101,263,401" oya="0" hai0="97,14,54,41,92,8,82,30,95,75,60,98,112" hai1="36,109,104,86,23,66,18,111,129,79,80,44,24" hai2="57,17,102,20,10,114,123,1,46,108,47,40,5" hai3="113,19,88,9,64,6,107,96,3,22,63,94,128"/><T116/><D112/><U133/><E133/><V48/><F123/><W4/><G113/><T45/><D116/><U91/><E129/><V132/><F114/><W130/><G107/><T81/><D30/><U56/><E104/><V105/><F132/><W29/><G29/><T106/><D106/><U134/><E134/><V50/><F108/><W16/><G6/><T13/><D75/><U67/><E79/><V73/><F57/><W27/><REACH who="3" step="1"/><G19/><REACH who="3" ten="225,101,263,391" step="2"/><T77/><D77/><U61/><REACH who="1" step="1"/><E66/><REACH who="1" ten="225,91,263,391" step="2"/><V62/><F105/><W55/><G55/><T39/><D54/><U59/><E59/><AGARI ba="2,3" hai="3,4,9,16,22,27,59,63,64,88,94,96,128,130" machi="59" ten="40,8000,1" yaku="1,1,52,1,54,2,53,0" doraHai="2" doraHaiUra="121" who="3" fromWho="1" sc="225,0,91,-86,263,0,391,116" /><INIT seed="5,0,0,1,3,85" ten="225,5,263,507" oya="1" hai0="132,119,80,39,2,98,27,105,61,83,58,77,79" hai1="59,76,135,60,48,29,82,14,50,73,65,121,68" hai2="42,23,81,0,101,109,20,133,116,74,1,70,33" hai3="30,102,56,28,67,120,128,41,45,51,3,125,52"/><U111/><E121/><V38/><F23/><W64/><G120/><T84/><D119/><U127/><E29/><N who="3" m="11370" /><G3/><T12/><D132/><U21/><E135/><V49/><F33/><W4/><G125/><T36/><D2/><U115/><E127/><V34/><F34/><W71/><G128/><T108/><D27/><U107/><E107/><V10/><F70/><W106/><G106/><T16/><D108/><U75/><E75/><V91/><F91/><W8/><G71/><T92/><D105/><U88/><E68/><V134/><F49/><N who="3" m="26799" /><G102/><T43/><D43/><U35/><E35/><V63/><F42/><W57/><G4/><T104/><D104/><U54/><E111/><V96/><F10/><W123/><G123/><T117/><D117/><U17/><E115/><V113/><F63/><N who="3" m="36231" /><G8/><T69/><D69/><U46/><E50/><V25/><F38/><W110/><G110/><T5/><D5/><U13/><E88/><V18/><F116/><W130/><G130/><T131/><D131/><U90/><E90/><V44/><F113/><W7/><G7/><T99/><D36/><U37/><E37/><V103/><F103/><W9/><G9/><T32/><D39/><U94/><E94/><N who="2" m="58519" /><F109/><W11/><G11/><T26/><D92/><U112/><E112/><V122/><F122/><W87/><G87/><T114/><D114/><U95/><E95/><V78/><F134/><W53/><AGARI ba="0,0" hai="51,53,57,64,67" m="36231,26799,11370" machi="53" ten="30,2000,0" yaku="8,1,54,1" doraHai="85" who="3" fromWho="3" sc="225,-5,5,-10,263,-5,507,20" owari="220,-18.0,-5,-51.0,258,6.0,527,63.0" /></mjloggm>