<mjloggm ver="2.3"><GO type="169" lobby="0"/><UN n0="%E3%81%94%E3%81%A7%E3%81%83%E3%82%93%E6%94%B9" n1="%C2%A7%E7%8D%85%E5%AD%90%E5%8E%9F%E7%88%BD" n2="%73%61%6E%64%69%72%69%73" n3="%E3%83%95%E3%82%B5%E3%82%A6%E3%83%9F%E3%82%B3%E3%83%83%E3%83%97" dan="17,16,17,17" rate="2149.03,2081.85,2227.52,2188.29" sx="F,F,M,M"/><TAIKYOKU oya="0"/><INIT seed="0,0,0,0,3,106" ten="250,250,250,250" oya="0" hai0="116,39,21,18,108,32,127,93,76,110,45,98,74" hai1="133,86,103,120,5,53,122,91,17,20,35,101,130" hai2="42,66,22,0,60,65,75,79,124,114,69,37,131" hai3="52,77,54,134,115,30,34,63,80,23,40,56,55"/><T96/><BYE who="3" /><D116/><U95/><E35/><V83/><F114/><W2/><G2/><T81/><D32/><U129/><E5/><V89/><F131/><N who="1" m="50185" /><E133/><V59/><F124/><UN n3="%E3%83%95%E3%82%B5%E3%82%A6%E3%83%9F%E3%82%B3%E3%83%83%E3%83%97" /><W90/><G115/><T9/><D127/><U43/><E43/><V10/><F22/><W38/><G134/><T82/><D9/><U78/><E53/><V16/><F89/><W112/><G112/><T44/><D82/><N who="1" m="47447" /><E17/><V97/><F97/><W15/><G34/><T26/><D96/><N who="1" m="57471" /><E20/><V36/><F42/><W29/><G38/><T117/><D117/><U102/><AGARI ba="0,0" hai="101,102,103,120,122" m="57471,47447,50185" machi="102" ten="30,4000,0" yaku="19,1,34,2" doraHai="106" who="1" fromWho="1" sc="250,-20,250,40,250,-10,250,-10" /><INIT seed="1,0,0,0,4,126" ten="230,290,240,240" oya="1" hai0="42,41,28,80,47,5,84,29,135,65,119,62,24" hai1="16,121,89,109,53,127,97,12,68,39,105,91,132" hai2="116,34,106,74,50,117,94,73,118,131,99,75,128" hai3="8,78,66,79,13,115,60,4,3,38,134,112,103"/><U14/><E121/><V72/><F34/><W54/><G134/><T9/><D135/><U107/><E132/><V70/><F70/><W86/><G38/><T59/><D119/><U67/><E39/><V31/><F31/><W63/><G103/><T96/><D96/><U82/><E127/><V85/><N who="2" m="18432" /><DORA hai="114" /><V83/><F50/><W2/><G54/><T23/><D29/><U93/><E109/><V15/><F15/><W133/><G133/><T77/><REACH who="0" step="1"/><D47/><REACH who="0" ten="220,290,240,240" step="2"/><U64/><E107/><V21/><F106/><W25/><G115/><T56/><D56/><U43/><E105/><V61/><F61/><W57/><G63/><T90/><D90/><U7/><E68/><V123/><F123/><W46/><G46/><T20/><D20/><N who="1" m="11287" /><E43/><V120/><F21/><W40/><G40/><T100/><D100/><U69/><E69/><V76/><F120/><W36/><G112/><T51/><D51/><U124/><E124/><V10/><F10/><W1/><G36/><T88/><D88/><AGARI ba="0,1" hai="76,83,85,88,94,99,116,117,118,128,131" m="18432" machi="88" ten="80,16000,3" yaku="34,3,52,5,54,1" doraHai="126,114" who="2" fromWho="0" sc="220,-160,290,0,240,170,240,0" /><INIT seed="2,0,0,1,4,107" ten="60,290,410,240" oya="2" hai0="49,120,51,95,133,82,83,103,27,102,58,26,16" hai1="13,36,4,88,21,55,73,67,11,117,131,52,80" hai2="63,24,87,91,111,124,57,1,126,54,34,101,61" hai3="20,127,113,53,104,130,79,132,94,70,65,125,50"/><V105/><F1/><W114/><G104/><T134/><D120/><U115/><E115/><N who="3" m="44042" /><G94/><T37/><D95/><U40/><E117/><V109/><F63/><N who="3" m="40255" /><G20/><T25/><D58/><U29/><E67/><V42/><F42/><W9/><G9/><T116/><D37/><U43/><E131/><V17/><F101/><N who="0" m="38410" /><D16/><N who="1" m="10383" /><E73/><V38/><F38/><W0/><G0/><T56/><D56/><U64/><E64/><V135/><F105/><W39/><G79/><T118/><D51/><U85/><E29/><N who="2" m="19751" /><F135/><N who="0" m="51722" /><D49/><U100/><E100/><V46/><F46/><N who="3" m="27863" /><G132/><T119/><AGARI ba="0,0" hai="25,26,27,82,83,116,118,119" m="51722,38410" machi="119" ten="40,8000,1" yaku="28,2,12,1,20,1" doraHai="107" who="0" fromWho="0" sc="60,80,290,-20,410,-40,240,-20" /><INIT seed="3,0,0,2,5,118" ten="140,270,370,220" oya="3" hai0="81,35,61,68,131,86,96,117,135,57,0,59,3" hai1="112,38,60,93,7,24,97,132,82,133,18,30,2" hai2="113,116,65,6,27,123,63,90,25,8,89,83,78" hai3="79,49,73,98,125,66,21,67,91,124,114,69,120"/><W10/><G114/><T76/><D117/><U88/><E38/><V43/><F113/><W40/><G69/><T115/><D131/><U87/><E112/><V103/><F103/><W64/><G21/><T95/><D135/><U107/><E107/><V70/><F116/><W23/><G23/><T55/><D35/><U106/><E106/><V12/><F123/><W28/><G28/><T15/><D68/><U42/><E42/><V71/><F71/><W32/><G32/><T41/><D41/><U85/><E18/><V84/><F90/><W134/><G10/><T94/><D115/><U102/><E60/><V80/><REACH who="2" step="1"/><F43/><REACH who="2" ten="140,270,360,220" step="2"/><W36/><G120/><T47/><D76/><U48/><E133/><V105/><F105/><W39/><G134/><T99/><D3/><U46/><E132/><V33/><F33/><W101/><G91/><T19/><D0/><U54/><E2/><V126/><F126/><N who="3" m="48747" /><G79/><T50/><D94/><U130/><E93/><V26/><F26/><W51/><G39/><T22/><D95/><U52/><E102/><V108/><F108/><W53/><G36/><T77/><D59/><U104/><E104/><V17/><F17/><W56/><G101/><T92/><D92/><U129/><E24/><V128/><F128/><W31/><G31/><T110/><D110/><U14/><E30/><V122/><F122/><W74/><G98/><T127/><D127/><U37/><E97/><V9/><F9/><W45/><AGARI ba="0,1" hai="40,45,49,51,53,56,64,66,67,73,74" m="48747" machi="45" ten="40,2100,0" yaku="18,1" doraHai="118" who="3" fromWho="3" sc="140,-7,270,-7,360,-7,220,31" /><INIT seed="3,1,0,4,5,97" ten="133,263,353,251" oya="3" hai0="45,133,8,122,126,35,129,100,21,110,2,112,93" hai1="33,76,92,4,102,83,9,81,18,39,80,82,3" hai2="98,121,44,113,68,29,10,32,74,111,37,96,135" hai3="78,48,60,19,1,91,20,69,87,51,108,27,120"/><W131/><G120/><T50/><D122/><U63/><E33/><V77/><F121/><W11/><G131/><T89/><D35/><U58/><E39/><V7/><F113/><W116/><G116/><T73/><D73/><U47/><E47/><V15/><F68/><W128/><G78/><T6/><D110/><U40/><E40/><V17/><F111/><W16/><G128/><T0/><D126/><U22/><E92/><V84/><F135/><W72/><G72/><T118/><D118/><U123/><E123/><V132/><F74/><W53/><G108/><T106/><D133/><U67/><E81/><V107/><F107/><W119/><G119/><T90/><D129/><U56/><E56/><V13/><F132/><W64/><G53/><T134/><D112/><U55/><E67/><V66/><F66/><W115/><G115/><T5/><D106/><U61/><E61/><V24/><F37/><W75/><G75/><T117/><D117/><U103/><REACH who="1" step="1"/><E76/><REACH who="1" ten="133,253,353,251" step="2"/><V42/><F44/><W109/><G109/><T30/><D134/><U130/><E130/><V28/><F42/><W127/><G127/><T94/><D45/><U49/><E49/><V85/><F77/><W105/><G105/><T26/><D50/><U38/><E38/><V36/><F36/><W79/><G79/><T114/><D114/><U86/><E86/><V12/><F84/><W65/><G65/><T25/><D94/><U43/><E43/><V14/><F85/><W34/><G34/><T104/><D93/><U95/><E95/><V101/><N who="2" m="3072" /><DORA hai="46" /><V125/><F125/><W54/><G64/><RYUUKYOKU ba="1,1" sc="133,-10,253,30,353,-10,251,-10" hai1="3,4,9,18,22,55,58,63,80,82,83,102,103" /><INIT seed="4,2,1,4,2,17" ten="123,283,343,241" oya="0" hai0="26,20,111,16,31,124,0,113,5,118,13,68,38" hai1="63,24,122,115,76,84,8,92,67,45,1,46,12" hai2="66,44,11,56,133,95,65,19,74,57,102,49,37" hai3="120,101,50,119,42,100,47,129,105,62,110,70,23"/><T7/><D68/><U43/><E122/><V55/><F74/><W103/><G110/><T93/><D38/><U96/><E1/><V22/><F133/><W25/><G119/><T73/><D73/><U80/><E115/><V15/><F37/><W108/><G108/><T48/><D111/><U59/><E43/><V128/><F128/><W36/><G129/><T64/><D48/><U90/><REACH who="1" step="1"/><E24/><REACH who="1" ten="123,273,343,241" step="2"/><V125/><F125/><W106/><G120/><T41/><D113/><U87/><E87/><V21/><F66/><W33/><G42/><T54/><D41/><U117/><E117/><V88/><F102/><W135/><G103/><T35/><D64/><U27/><E27/><V127/><F127/><W94/><G101/><T10/><D118/><U14/><E14/><V83/><F83/><W2/><G2/><T104/><D124/><U114/><E114/><V60/><F44/><W134/><G47/><T126/><D126/><U30/><E30/><V91/><F91/><W98/><G100/><T99/><D54/><U9/><E9/><V121/><F121/><W34/><G135/><T123/><D123/><U75/><E75/><V28/><F28/><W3/><G134/><T52/><D52/><U78/><E78/><V81/><F81/><W4/><G3/><T40/><D40/><U32/><E32/><V132/><F132/><W58/><G34/><T18/><D104/><U116/><E116/><V39/><F39/><W29/><G36/><T131/><D131/><U86/><E86/><AGARI ba="2,2" hai="11,15,19,21,22,49,55,56,57,60,65,86,88,95" machi="86" ten="30,8000,1" yaku="7,1,8,1,52,2,54,1" doraHai="17" who="2" fromWho="1" sc="123,0,273,-86,343,106,241,0" /><INIT seed="5,0,0,0,4,30" ten="123,187,449,241" oya="1" hai0="27,98,49,88,53,46,113,90,91,64,47,120,132" hai1="59,14,87,43,84,80,8,19,40,63,22,134,94" hai2="31,106,45,117,51,7,11,131,24,115,23,92,1" hai3="18,121,109,42,119,60,81,107,124,12,135,35,9"/><U4/><E134/><V83/><F117/><W16/><G107/><T105/><D113/><U21/><E94/><V52/><F131/><W58/><G109/><T111/><D132/><U67/><E21/><V33/><F115/><W34/><G121/><T101/><D111/><U56/><E56/><V72/><F106/><W118/><G135/><T13/><D120/><U0/><REACH who="1" step="1"/><E84/><REACH who="1" ten="123,177,449,241" step="2"/><V79/><REACH who="2" step="1"/><F92/><REACH who="2" ten="123,177,439,241" step="2"/><W25/><G119/><T95/><D105/><U114/><E114/><V78/><F78/><AGARI ba="0,2" hai="0,4,8,14,19,22,40,43,59,63,67,78,80,87" machi="78" ten="30,2900,0" yaku="1,1,7,1,53,0" doraHai="30" doraHaiUra="29" who="1" fromWho="2" sc="123,0,177,49,439,-29,241,0" /><INIT seed="5,1,0,1,4,110" ten="123,226,410,241" oya="1" hai0="1,95,79,71,126,133,122,57,36,128,70,92,51" hai1="2,47,84,28,78,42,124,20,120,80,49,74,112" hai2="53,111,52,4,93,56,5,17,130,107,26,127,32" hai3="125,7,50,34,45,13,104,68,109,22,38,90,118"/><U123/><E2/><V106/><F111/><W48/><G109/><T39/><D1/><U14/><E124/><V21/><F127/><W27/><G125/><T8/><D79/><U76/><E76/><V40/><F130/><W15/><G68/><T11/><D126/><U65/><E65/><V103/><F32/><W63/><G104/><T16/><D57/><U119/><E119/><V135/><F135/><W88/><G34/><T89/><D89/><U43/><E43/><V25/><F40/><W117/><G38/><T67/><D67/><U116/><E116/><N who="3" m="44650" /><G63/><T77/><D77/><U97/><E97/><N who="2" m="59823" /><F107/><W115/><G115/><T66/><D51/><N who="3" m="19497" /><G45/><T31/><D66/><U35/><E74/><V82/><F106/><W60/><G60/><T58/><D58/><U24/><E112/><V54/><F56/><W134/><G134/><T62/><D62/><U61/><E61/><V108/><F108/><W91/><G7/><N who="2" m="2633" /><F82/><W64/><G64/><T75/><D133/><U37/><REACH who="1" step="1"/><E37/><REACH who="1" ten="123,216,410,241" step="2"/><V87/><F87/><W72/><G72/><T9/><D39/><U3/><E3/><V99/><F99/><W23/><G27/><AGARI ba="1,1" hai="17,21,25,26,27,52,53,54" m="2633,59823" machi="27" ten="30,2000,0" yaku="8,1,54,1" doraHai="110" who="2" fromWho="3" sc="123,0,216,0,410,33,241,-23" /><INIT seed="6,0,0,3,4,52" ten="123,216,443,218" oya="2" hai0="91,77,73,135,15,17,53,103,84,71,61,12,72" hai1="42,58,111,51,64,70,35,38,43,80,41,88,108" hai2="59,67,101,19,78,82,123,94,124,92,30,40,14" hai3="28,65,112,4,97,23,46,117,60,95,107,79,63"/><V47/><F123/><W131/><G117/><T110/><D110/><N who="1" m="42027" /><E88/><V90/><F124/><W89/><G131/><T57/><D135/><U129/><E80/><V102/><F30/><W114/><G4/><T2/><D2/><U27/><E27/><V22/><F102/><W75/><G107/><T106/><D71/><U34/><E34/><V99/><F82/><N who="3" m="45439" /><G46/><T122/><D122/><U96/><E96/><V5/><F5/><W116/><G116/><T24/><D106/><U132/><E35/><V118/><F78/><W105/><G65/><T66/><D103/><U20/><E20/><V16/><F118/><W87/><G23/><T85/><D77/><U113/><E132/><V11/><F47/><W10/><G10/><T0/><D0/><U29/><E70/><V125/><F22/><W74/><G28/><T56/><D24/><U115/><E38/><V31/><F31/><W32/><G32/><T81/><D84/><U6/><E6/><V54/><F19/><W76/><G74/><T93/><D81/><U44/><E29/><V13/><F13/><W7/><G7/><T100/><D100/><U128/><E128/><V25/><F14/><W21/><G21/><N who="0" m="11431" /><D15/><U69/><E69/><V26/><F26/><W109/><G109/><T62/><D62/><N who="3" m="23593" /><G76/><T104/><D104/><U127/><E129/><V8/><F25/><W126/><G126/><T9/><D9/><U86/><E127/><V130/><F125/><W98/><G105/><T36/><D36/><U48/><E86/><N who="2" m="52311" /><F8/><W49/><G49/><N who="1" m="19018" /><E44/><V37/><F130/><W119/><G119/><T1/><D1/><RYUUKYOKU ba="0,0" sc="123,10,216,10,443,-30,218,10" hai0="53,56,57,61,66,72,73,85,91,93" hai1="41,42,43,58,64,113,115" hai3="87,89,95,97,98,112,114" /><INIT seed="7,1,0,4,0,85" ten="133,226,413,228" oya="3" hai0="102,37,52,7,111,15,11,24,32,132,44,133,12" hai1="99,119,3,1,95,30,53,76,60,28,123,112,105" hai2="41,120,92,22,8,107,130,128,78,36,40,103,100" hai3="115,118,35,39,6,18,31,110,54,121,69,2,122"/><W81/><G54/><T19/><D111/><U58/><E105/><V17/><F120/><W79/><G118/><T89/><D102/><U135/><E123/><V134/><F134/><W21/><G69/><T77/><D77/><U33/><E112/><V106/><F78/><W43/><G115/><T98/><D37/><U4/><E135/><V51/><F8/><N who="3" m="2135" /><G110/><T62/><D32/><U48/><E119/><V126/><F36/><W129/><G129/><N who="2" m="49769" /><F126/><W80/><G80/><T114/><D114/><U16/><E33/><V38/><F38/><W65/><G65/><T49/><D62/><U125/><E4/><V101/><F92/><W47/><G31/><N who="1" m="11818" /><E1/><V27/><F51/><W71/><G71/><T0/><D24/><U63/><E3/><V45/><F45/><W64/><G64/><T96/><D0/><U25/><E125/><V84/><F84/><W68/><G68/><T72/><D72/><U10/><E76/><V50/><F50/><W127/><G35/><T13/><D13/><N who="1" m="7223" /><E25/><V57/><F57/><W109/><G127/><T61/><D61/><U46/><E58/><V5/><F107/><W91/><G109/><T29/><D29/><U67/><E67/><V94/><F106/><W117/><G117/><T74/><D74/><U113/><E113/><V124/><F124/><W73/><G122/><T90/><D132/><U9/><E9/><V83/><F83/><N who="3" m="45551" /><G121/><T42/><D133/><U116/><E116/><V14/><F94/><W87/><G18/><T97/><D42/><U34/><E34/><V108/><F108/><W86/><G21/><AGARI ba="1,0" hai="7,11,12,15,19,21,44,49,52,89,90,96,97,98" machi="21" ten="40,8000,1" yaku="8,1,52,2,54,1" doraHai="85" who="0" fromWho="3" sc="133,83,226,0,413,0,228,-83" owari="216,-18.0,226,3.0,413,50.0,145,-35.0" /></mjloggm>