<mjloggm ver="2.3"><GO type="169" lobby="0"/><UN n0="%E3%82%AD%E3%83%AA%E3%83%B3%E3%83%AA%E3%82%AD%E5%BF%AB" n1="%7A%65%52%6F" n2="%E9%BA%BB%E9%9B%80%E7%A0%94%E7%A9%B6%E9%83%A8" n3="%E6%87%B6%E5%B0%8F%E7%90%B3%E2%98%86" dan="16,17,16,17" rate="2098.87,2203.60,2086.89,2199.52" sx="M,M,M,M"/><TAIKYOKU oya="0"/><INIT seed="0,0,0,1,4,116" ten="250,250,250,250" oya="0" hai0="120,48,46,42,130,45,17,65,24,106,41,131,74" hai1="68,108,96,98,22,10,129,91,62,7,19,53,110" hai2="26,122,21,54,88,20,123,77,56,90,119,97,81" hai3="67,104,5,9,23,39,8,51,55,125,13,50,78"/><T79/><D106/><U59/><E129/><N who="0" m="49161" /><D74/><U73/><E73/><V16/><F119/><W43/><G125/><T103/><D79/><U58/><E68/><V70/><F70/><W100/><G78/><T105/><D103/><U6/><E59/><V109/><F109/><N who="1" m="42089" /><E91/><V72/><F21/><W83/><G83/><T117/><D105/><U111/><N who="1" m="42097" /><U114/><DORA hai="80" /><E114/><V34/><F34/><W32/><G23/><N who="0" m="13423" /><D65/><U40/><E40/><V36/><F36/><W85/><G43/><T33/><D33/><U126/><E126/><V102/><F90/><W95/><G67/><T28/><D28/><U87/><E87/><V71/><F71/><W31/><G85/><T3/><D3/><N who="1" m="351" /><E7/><V127/><F127/><W101/><G5/><T49/><D117/><U133/><E133/><V76/><F77/><W14/><G100/><T60/><D60/><U64/><E64/><V1/><F1/><W135/><G101/><T69/><D69/><U52/><E53/><V38/><F38/><W115/><G55/><T124/><D124/><U99/><E99/><V29/><F29/><W4/><G31/><T44/><D44/><U93/><E93/><N who="2" m="56487" /><F102/><W25/><G104/><T12/><D12/><AGARI ba="0,0" hai="12,19,22,52,58,62,96,98" m="351,42097" machi="12" ten="40,2600,0" yaku="14,1,54,1" doraHai="116,80" who="1" fromWho="0" sc="250,-26,250,26,250,0,250,0" /><INIT seed="1,0,0,2,1,125" ten="224,276,250,250" oya="1" hai0="17,25,122,50,121,29,63,62,83,135,6,11,92" hai1="110,108,90,112,45,22,59,89,127,1,43,88,42" hai2="30,73,77,105,111,87,102,46,27,107,15,74,20" hai3="5,100,120,69,37,131,9,109,70,31,7,106,16"/><U41/><E112/><V64/><F111/><N who="1" m="42537" /><E127/><V55/><F64/><W67/><G120/><T8/><D135/><U2/><E59/><V85/><F46/><W24/><G37/><T0/><D92/><U81/><E81/><V71/><F71/><W99/><G109/><T38/><D38/><U51/><E22/><V134/><F134/><W58/><G58/><T54/><D83/><U96/><E96/><V128/><F128/><W40/><G40/><AGARI ba="0,0" hai="1,2,40,41,42,43,45,51,88,89,90" m="42537" machi="40" ten="40,7700,0" yaku="14,1,10,1,54,1" doraHai="125" who="1" fromWho="3" sc="224,0,276,77,250,0,250,-77" /><INIT seed="1,1,0,4,5,6" ten="224,353,250,173" oya="1" hai0="127,67,8,122,91,128,120,77,64,104,56,15,37" hai1="111,103,18,105,117,107,22,9,30,2,80,98,3" hai2="21,124,10,51,85,88,76,0,48,121,135,81,83" hai3="33,60,26,78,75,100,108,7,43,101,46,34,118"/><U35/><E117/><V87/><F135/><W1/><G108/><T25/><D128/><U29/><E111/><V39/><F39/><W14/><G14/><T55/><D127/><U110/><E110/><V116/><F116/><W109/><G109/><T23/><D37/><U12/><E35/><V126/><F121/><N who="0" m="46698" /><D77/><U89/><E107/><V20/><F0/><W73/><G60/><N who="0" m="35871" /><D91/><U125/><E125/><N who="2" m="48235" /><F10/><W68/><G68/><T31/><D104/><U32/><E32/><V28/><F28/><W44/><G1/><T99/><D99/><U131/><E131/><V95/><F95/><W5/><G118/><T45/><D45/><U114/><E114/><V129/><F129/><W42/><G78/><T134/><D134/><U79/><E89/><V96/><F96/><W13/><G13/><T82/><D82/><U102/><E102/><V17/><F20/><W62/><G62/><T71/><D71/><U90/><E90/><V16/><F17/><AGARI ba="1,0" hai="8,15,17,23,25,31,64,67" m="35871,46698" machi="17" ten="30,2000,0" yaku="13,1,52,1" doraHai="6" who="0" fromWho="2" sc="224,23,353,0,250,-23,173,0" /><INIT seed="2,0,0,4,0,132" ten="247,353,227,173" oya="2" hai0="20,95,68,131,118,66,32,106,113,29,42,47,75" hai1="62,35,121,99,91,100,125,58,13,14,11,9,59" hai2="134,126,105,67,124,90,38,22,72,55,107,109,0" hai3="4,12,123,26,50,93,69,10,48,111,7,97,119"/><V78/><F134/><W31/><G111/><T19/><D113/><U81/><E35/><V65/><F0/><W71/><G119/><T129/><D106/><U17/><E121/><V46/><F109/><W98/><G123/><T92/><D118/><U70/><E70/><V30/><F90/><W43/><G4/><T79/><D32/><U94/><E125/><N who="2" m="48235" /><F72/><W135/><G97/><T122/><D29/><U73/><E73/><V49/><F78/><W57/><G50/><T27/><D122/><U45/><E45/><N who="2" m="28079" /><F22/><W18/><G135/><T76/><D76/><U112/><E112/><V110/><F30/><W104/><G31/><T28/><D28/><U6/><E62/><V128/><F110/><W54/><G98/><T60/><D79/><U40/><E40/><N who="2" m="22807" /><F128/><N who="0" m="49226" /><D75/><U33/><E33/><V77/><F77/><W102/><G102/><T115/><D115/><U39/><E39/><AGARI ba="0,0" hai="19,20,27,39,42,47,60,66,68,92,95" m="49226" machi="39" ten="30,1000,0" yaku="19,1" doraHai="132" who="0" fromWho="1" sc="247,10,353,-10,227,0,173,0" /><INIT seed="3,0,0,4,0,119" ten="257,343,227,173" oya="3" hai0="44,105,125,36,130,30,80,108,69,135,6,89,97" hai1="3,67,43,38,76,52,57,15,98,110,74,59,42" hai2="55,85,47,83,58,107,24,86,8,17,116,94,65" hai3="18,112,133,73,14,100,109,32,134,37,99,19,114"/><W56/><G37/><T82/><D69/><U16/><E3/><V7/><F107/><W102/><G73/><T117/><D6/><U46/><E110/><V34/><F116/><W25/><G56/><T72/><D30/><U90/><E74/><V70/><F70/><W63/><G63/><T1/><D44/><U111/><E76/><V39/><F65/><W103/><G99/><T106/><D1/><U9/><E111/><V4/><F94/><W22/><G109/><T11/><D11/><U49/><E38/><V62/><F86/><W0/><G0/><T96/><D36/><U35/><E35/><V113/><F113/><W20/><REACH who="3" step="1"/><G32/><REACH who="3" ten="257,343,227,163" step="2"/><T93/><D96/><U71/><E71/><V120/><F39/><W66/><G66/><T64/><D97/><U10/><E59/><V91/><F62/><W54/><G54/><T75/><D64/><U13/><E67/><V126/><F58/><W12/><G12/><T129/><D108/><U124/><E57/><V26/><F34/><W27/><G27/><T50/><D72/><U131/><E15/><V77/><F26/><W88/><G88/><T95/><D89/><U122/><E90/><V48/><F24/><W40/><G40/><T92/><D75/><U68/><E43/><V5/><F91/><W45/><G45/><T81/><D117/><U29/><E42/><V84/><F47/><W60/><G60/><T61/><D61/><U104/><E46/><V51/><F55/><W115/><AGARI ba="0,1" hai="14,18,19,20,22,25,100,102,103,112,114,115,133,134" machi="115" ten="40,3900,0" yaku="1,1,0,1,53,0" doraHai="119" doraHaiUra="101" who="3" fromWho="3" sc="257,-13,343,-13,227,-13,163,49" /><INIT seed="3,1,0,4,1,84" ten="244,330,214,212" oya="3" hai0="69,66,2,19,116,94,105,85,29,71,103,104,81" hai1="16,86,64,24,46,90,33,59,135,26,54,36,93" hai2="133,83,44,91,11,74,115,82,114,134,96,129,56" hai3="98,132,50,121,51,0,5,37,72,41,27,130,67"/><W70/><G121/><T20/><D116/><U35/><E135/><N who="2" m="51723" /><F44/><W102/><G132/><T15/><D2/><U25/><E64/><V49/><F49/><W17/><G130/><T126/><D126/><U32/><E46/><V111/><F56/><W18/><G72/><T42/><D42/><U122/><E36/><V62/><F62/><W87/><G37/><T101/><D29/><U45/><E45/><V109/><F11/><W10/><G41/><T4/><D4/><U65/><E65/><V9/><F9/><W88/><G67/><T1/><D1/><U34/><N who="1" m="8192" /><DORA hai="43" /><U108/><E108/><N who="2" m="41547" /><F129/><W89/><G70/><T79/><D71/><U30/><E122/><V57/><F57/><W31/><G31/><T117/><D69/><U123/><E123/><V112/><F74/><W127/><G50/><T76/><D66/><U53/><E30/><V106/><F106/><W119/><G51/><T118/><D105/><U13/><REACH who="1" step="1"/><E59/><REACH who="1" ten="244,320,214,212" step="2"/><V95/><AGARI ba="1,1" hai="82,83,91,95,96,112,114,115" m="41547,51723" machi="95" ten="40,8000,1" yaku="20,1,14,1,34,2,52,1" doraHai="84,43" who="2" fromWho="2" sc="244,-21,320,-21,214,93,212,-41" /><INIT seed="4,0,0,2,3,7" ten="223,299,307,171" oya="0" hai0="10,132,64,62,3,19,90,39,85,81,133,123,13" hai1="111,116,105,58,106,2,115,0,47,131,51,87,66" hai2="128,119,112,130,17,14,42,22,93,28,9,126,48" hai3="114,15,72,52,49,4,96,135,6,40,27,41,108"/><T100/><D123/><U95/><E111/><V79/><F79/><W21/><G108/><T30/><D39/><U37/><E116/><V80/><F80/><W53/><G72/><T50/><D30/><U69/><E115/><V33/><F93/><W59/><G135/><T25/><D100/><U94/><E131/><N who="2" m="50219" /><F48/><W120/><G114/><T86/><D25/><U122/><E122/><V8/><F42/><W23/><G120/><T121/><D121/><U102/><E95/><V98/><F98/><W127/><G127/><T99/><D99/><U34/><E34/><V101/><F101/><W45/><G96/><T55/><D3/><U46/><E46/><V65/><F65/><W20/><G27/><T57/><REACH who="0" step="1"/><D86/><REACH who="0" ten="213,299,307,171" step="2"/><U43/><E2/><V74/><F74/><W82/><G15/><T77/><D77/><U63/><E0/><V110/><F112/><W18/><G18/><T67/><D67/><U60/><E102/><V26/><F110/><W12/><G12/><T24/><D24/><U73/><E73/><V61/><F119/><W35/><G35/><T103/><D103/><U91/><E37/><V134/><F134/><W36/><G36/><T92/><D92/><U16/><E16/><V88/><F126/><W56/><G82/><T125/><D125/><U84/><E84/><V44/><F33/><W75/><G75/><T71/><AGARI ba="0,1" hai="10,13,19,50,55,57,62,64,71,81,85,90,132,133" machi="71" ten="30,6000,0" yaku="1,1,0,1,52,1,53,0" doraHai="7" doraHaiUra="38" who="0" fromWho="0" sc="213,70,299,-20,307,-20,171,-20" /><INIT seed="4,1,0,1,3,74" ten="283,279,287,151" oya="0" hai0="33,23,88,53,58,135,91,75,26,108,44,104,62" hai1="120,112,14,92,124,83,45,86,32,72,118,10,60" hai2="110,100,15,50,117,84,28,79,59,106,47,102,71" hai3="103,134,55,82,8,132,29,105,9,40,24,96,7"/><T18/><D135/><U17/><E118/><V126/><F71/><W131/><G131/><T63/><D104/><U111/><E111/><V4/><F126/><W97/><G97/><T121/><D121/><U48/><E120/><V133/><F133/><W119/><G119/><T6/><D108/><U129/><E129/><V3/><F3/><W81/><G40/><T64/><D6/><U39/><E72/><V54/><F110/><W25/><G132/><T113/><D113/><U65/><E32/><V36/><F117/><W73/><G9/><T109/><D109/><U61/><E124/><V52/><F36/><W27/><G134/><T116/><D116/><U13/><E39/><V70/><F70/><W94/><G105/><T19/><D33/><U77/><E112/><V78/><F28/><W42/><G42/><T49/><D75/><U115/><E115/><V85/><F106/><W114/><G114/><T69/><REACH who="0" step="1"/><D18/><REACH who="0" ten="273,279,287,151" step="2"/><U93/><E14/><V1/><F15/><W98/><G73/><T16/><D16/><U130/><E130/><V90/><F4/><W2/><G27/><T56/><D56/><U5/><E17/><V128/><F1/><W68/><G24/><T107/><D107/><U37/><E13/><V95/><F128/><W89/><G68/><T80/><D80/><U22/><E5/><V21/><F59/><W87/><G81/><T41/><AGARI ba="1,1" hai="19,23,26,41,44,49,53,58,62,63,64,69,88,91" machi="41" ten="20,7800,0" yaku="1,1,0,1,7,1,54,1,53,0" doraHai="74" doraHaiUra="99" who="0" fromWho="0" sc="273,91,279,-27,287,-27,151,-27" /><INIT seed="4,2,0,0,4,95" ten="364,252,260,124" oya="0" hai0="110,57,124,19,128,100,12,94,41,71,105,43,38" hai1="68,108,123,55,93,133,73,134,3,101,85,76,13" hai2="1,10,40,107,79,87,9,88,52,11,39,8,63" hai3="65,91,102,0,135,34,111,49,127,83,131,80,118"/><T84/><D71/><U104/><E3/><V46/><F107/><W16/><G111/><T62/><D110/><U122/><E68/><V78/><N who="2" m="2048" /><DORA hai="98" /><V53/><F1/><W15/><G118/><T6/><D6/><U114/><E108/><V59/><REACH who="2" step="1"/><F53/><REACH who="2" ten="364,252,250,124" step="2"/><W24/><G0/><T25/><D105/><U7/><E55/><V37/><F37/><W44/><G65/><T20/><D38/><U72/><E7/><V99/><F99/><W64/><G64/><T96/><D96/><N who="1" m="59535" /><E104/><V4/><F4/><W112/><G112/><T33/><D41/><U74/><E114/><V117/><F117/><W18/><G131/><T92/><D43/><U5/><E5/><V120/><F120/><N who="1" m="46121" /><E13/><V22/><F22/><W119/><G15/><T17/><D20/><U113/><E113/><V106/><F106/><W103/><G119/><T66/><D12/><U27/><E27/><V129/><F129/><W47/><G24/><T58/><D25/><U2/><E2/><V26/><F26/><W67/><G67/><T35/><D66/><U14/><E14/><V132/><F132/><W121/><G135/><T42/><D42/><U116/><E116/><V31/><F31/><W30/><G30/><T29/><D29/><U89/><E76/><V45/><F45/><W75/><G121/><T81/><D128/><U21/><E21/><V56/><F56/><W70/><G44/><T125/><D57/><U109/><E109/><V32/><F32/><W48/><G34/><T82/><D58/><U54/><E54/><V36/><F36/><W50/><G47/><T51/><D35/><RYUUKYOKU ba="2,1" sc="364,-15,252,15,250,15,124,-15" hai1="72,73,74,85,89,133,134" hai2="39,40,46,52,59,63,78,79,87,88" /><INIT seed="5,3,1,3,4,24" ten="349,267,265,109" oya="1" hai0="116,38,52,41,35,98,72,122,47,86,42,126,84" hai1="17,133,85,118,2,88,54,128,32,23,90,121,0" hai2="71,112,15,80,91,135,25,70,131,92,57,48,46" hai3="50,10,120,81,114,5,22,40,66,68,77,58,115"/><U37/><E118/><V96/><F131/><W21/><G68/><T97/><D116/><U82/><E121/><V125/><F135/><W6/><G120/><T74/><D122/><U43/><E32/><V59/><F125/><W30/><G66/><T67/><D126/><U7/><E128/><V102/><F112/><W49/><G58/><T127/><D127/><U36/><E133/><V93/><F71/><W51/><G40/><T76/><D67/><U89/><E54/><V28/><F70/><W100/><G100/><T105/><D35/><U95/><E7/><V11/><F80/><W9/><G81/><T45/><D52/><U27/><E37/><V34/><F48/><W109/><G50/><T20/><D20/><U104/><E104/><V63/><F46/><W117/><G117/><T8/><D8/><U113/><E113/><V60/><F60/><W1/><G77/><T94/><D105/><U83/><E83/><V123/><F123/><W110/><REACH who="3" step="1"/><G1/><REACH who="3" ten="349,267,265,99" step="2"/><T101/><D101/><U111/><E43/><V107/><F63/><W129/><G129/><T119/><D119/><U106/><E2/><V132/><F132/><W99/><G99/><T18/><D76/><U64/><E0/><V130/><F130/><W134/><G134/><T108/><D98/><U39/><E64/><V16/><F107/><W31/><AGARI ba="3,2" hai="5,6,9,10,21,22,30,31,49,51,109,110,114,115" machi="31" ten="25,12000,2" yaku="1,1,0,1,22,2,52,2,53,0" doraHai="24" doraHaiUra="33" who="3" fromWho="3" sc="349,-33,267,-63,265,-33,99,149" /><INIT seed="6,0,0,1,5,67" ten="316,204,232,248" oya="2" hai0="84,101,135,23,116,63,65,76,85,26,87,5,56" hai1="102,62,73,42,107,77,21,34,130,59,132,36,0" hai2="122,49,70,20,71,75,88,1,98,134,74,50,17" hai3="32,10,13,29,89,117,53,126,31,9,44,112,120"/><V80/><F1/><W90/><G117/><T123/><D123/><U110/><E34/><V128/><F122/><W97/><G120/><T8/><D135/><U18/><E0/><V3/><F3/><W15/><G32/><T14/><D116/><U43/><E110/><V33/><F33/><W69/><G126/><T6/><D101/><U24/><E132/><V37/><F37/><W68/><G53/><T95/><D5/><U19/><E130/><V72/><F134/><W46/><G97/><T41/><D41/><U12/><E102/><V105/><F128/><W125/><G125/><T16/><REACH who="0" step="1"/><D95/><REACH who="0" ten="306,204,232,248" step="2"/><U45/><E107/><V111/><F105/><W127/><G127/><T48/><D48/><U55/><E43/><V129/><F129/><W118/><G118/><T133/><D133/><U54/><E42/><V99/><F111/><W4/><G4/><T131/><D131/><U11/><E36/><V82/><F49/><W58/><G112/><T93/><D93/><U64/><REACH who="1" step="1"/><E45/><REACH who="1" ten="306,194,232,248" step="2"/><V119/><F119/><W91/><G44/><T40/><D40/><U113/><E113/><V35/><F35/><W25/><G46/><T104/><D104/><U106/><E106/><V51/><F51/><W94/><G94/><T22/><D22/><U115/><E115/><V103/><F50/><W66/><G9/><T28/><D28/><U30/><E30/><V121/><F121/><W81/><G10/><T39/><D39/><U92/><E92/><V47/><F47/><W96/><G29/><T57/><D57/><U114/><E114/><V61/><F20/><N who="3" m="15783" /><G58/><T52/><D52/><RYUUKYOKU ba="0,2" sc="306,15,194,15,232,-15,248,-15" hai0="6,8,14,16,23,26,56,63,65,76,84,85,87" hai1="11,12,18,19,21,24,54,55,59,62,64,73,77" /><INIT seed="7,1,2,4,2,52" ten="321,209,217,233" oya="3" hai0="117,3,44,55,37,93,36,46,29,90,27,119,96" hai1="16,49,19,67,80,50,76,94,33,12,78,53,7" hai2="63,116,69,26,31,35,38,125,110,75,28,42,10" hai3="73,40,60,87,14,71,131,129,109,114,32,106,99"/><W112/><G73/><T133/><D3/><U58/><E33/><V135/><F116/><W107/><G32/><T98/><D133/><U61/><E94/><V65/><F110/><W132/><G132/><T77/><D77/><N who="1" m="29803" /><E80/><V18/><F135/><W20/><G40/><T70/><D70/><U89/><E89/><V82/><F75/><W95/><G87/><T56/><D98/><U43/><E43/><V111/><F111/><W41/><G41/><T102/><D102/><U124/><E124/><V88/><F125/><W86/><G86/><T122/><D122/><U126/><E126/><V11/><F31/><W62/><G71/><T30/><D44/><N who="1" m="27815" /><E50/><V0/><F0/><W23/><G95/><T45/><D45/><U74/><E74/><V1/><F1/><W39/><G99/><T115/><D46/><U9/><AGARI ba="1,2" hai="7,9,12,16,19,58,61,67" m="27815,29803" machi="9" ten="30,4000,0" yaku="8,1,52,1,54,1" doraHai="52" who="1" fromWho="1" sc="321,-11,209,63,217,-11,233,-21" owari="310,41.0,272,7.0,206,-29.0,212,-19.0" /></mjloggm>