<mjloggm ver="2.3"><GO type="169" lobby="0"/><UN n0="%E6%B2%B3%E7%AB%A5%E3%81%AE%E3%83%AF%E3%82%AB%E3%83%9E%E3%83%84" n1="%E7%9C%9F%E3%81%AE%E9%9B%80%E5%A3%AB%E3%81%86%E3%81%BE%E3%81%9F%E3%82%93" n2="%E3%83%AA%E3%83%84%E3%83%9F%E3%82%B5%E3%83%B3" n3="%52%59%4F%40%53%53" dan="18,17,18,17" rate="2238.12,2216.35,2235.61,2145.03" sx="M,M,M,M"/><TAIKYOKU oya="0"/><INIT seed="0,0,0,1,2,7" ten="250,250,250,250" oya="0" hai0="4,16,65,39,28,9,96,104,98,5,92,67,60" hai1="133,54,48,35,126,91,68,128,15,79,1,51,63" hai2="81,80,106,31,113,90,45,111,94,74,0,84,62" hai3="95,77,42,18,127,86,2,83,47,49,30,3,22"/><T82/><D39/><U124/><E1/><V112/><F0/><W70/><G70/><T114/><D114/><U10/><E35/><V131/><F31/><W72/><G127/><N who="1" m="48682" /><E128/><V34/><F34/><W19/><G19/><T29/><D82/><U52/><E133/><V25/><F25/><W99/><G30/><N who="0" m="11883" /><D104/><U107/><E79/><V23/><F106/><W59/><G59/><N who="0" m="37023" /><D67/><N who="1" m="41087" /><E91/><V26/><F131/><W110/><G72/><T121/><D121/><U129/><E107/><V117/><F80/><W8/><G2/><T38/><D38/><U85/><E85/><V43/><F81/><W130/><G3/><T87/><D87/><U55/><E129/><V122/><F74/><W6/><G130/><T102/><D98/><U40/><E40/><V12/><F122/><W32/><G32/><T78/><D78/><U101/><E101/><V64/><F43/><W17/><G99/><T93/><D93/><U11/><E15/><AGARI ba="0,0" hai="4,5,9,15,16,92,96,102" m="37023,11883" machi="15" ten="30,5800,0" yaku="8,1,52,1,54,1" doraHai="7" who="0" fromWho="1" sc="250,58,250,-58,250,0,250,0" /><INIT seed="0,1,0,4,3,65" ten="308,192,250,250" oya="0" hai0="125,126,104,74,114,62,10,55,51,35,44,113,124" hai1="97,127,4,117,77,123,121,83,69,132,130,134,131" hai2="66,85,93,6,108,63,59,54,22,118,11,40,50" hai3="5,33,75,84,71,3,99,76,36,64,13,122,92"/><T110/><D35/><U73/><E4/><V120/><F108/><W24/><G36/><T133/><D104/><U68/><E97/><V14/><F120/><N who="1" m="46153" /><E117/><V115/><F115/><N who="0" m="44042" /><D74/><U12/><E12/><V19/><F118/><W98/><G122/><T79/><D79/><U25/><E25/><V38/><F38/><W100/><G3/><T119/><D119/><U102/><E102/><V42/><F93/><W20/><G33/><T72/><D72/><U7/><E7/><V56/><REACH who="2" step="1"/><F85/><REACH who="2" ten="308,192,240,250" step="2"/><W17/><G84/><T90/><D110/><U15/><E127/><V31/><F31/><W95/><G75/><T53/><D125/><U46/><E46/><V101/><F101/><W1/><G100/><T8/><D126/><U47/><E47/><V103/><F103/><W26/><G92/><T135/><D124/><U96/><E96/><V128/><F128/><N who="1" m="49193" /><E15/><AGARI ba="1,1" hai="6,11,14,15,19,22,40,42,50,54,56,59,63,66" machi="15" ten="30,3900,0" yaku="1,1,7,1,8,1,53,0" doraHai="65" doraHaiUra="106" who="2" fromWho="1" sc="308,0,192,-42,240,52,250,0" /><INIT seed="1,0,0,5,4,54" ten="308,150,292,250" oya="1" hai0="14,64,51,108,42,4,84,57,15,135,68,29,73" hai1="125,5,93,115,87,128,49,122,130,44,102,12,35" hai2="17,132,79,92,83,28,65,3,88,59,99,66,34" hai3="20,43,26,110,101,25,67,33,118,119,113,78,133"/><U62/><E115/><V46/><F3/><W117/><G113/><T94/><D73/><U47/><E122/><V76/><F132/><W21/><G43/><T37/><D135/><U13/><E125/><V91/><F34/><W103/><G133/><T112/><D112/><U90/><E35/><V127/><F28/><W75/><G33/><T97/><D108/><U9/><E102/><V82/><F127/><W55/><G110/><T0/><D29/><U48/><E62/><V131/><F131/><W116/><G67/><T107/><D107/><U61/><E61/><V95/><F46/><W81/><N who="3" m="29696" /><DORA hai="77" /><W89/><G55/><T134/><D84/><U52/><REACH who="1" step="1"/><E13/><REACH who="1" ten="308,140,292,250" step="2"/><V72/><F66/><W123/><G123/><T30/><D15/><U19/><E19/><V16/><F65/><W120/><G120/><T45/><D14/><U80/><E80/><V7/><F7/><W105/><G105/><T8/><D134/><U100/><E100/><V109/><F109/><W36/><G103/><T31/><D64/><U106/><E106/><V2/><F2/><W63/><G63/><T98/><D68/><U10/><E10/><V23/><F17/><W69/><G69/><T38/><D30/><U121/><E121/><V6/><F16/><W40/><G101/><T111/><D31/><U27/><E27/><V124/><F6/><W11/><G26/><T50/><D111/><U71/><E71/><V126/><F126/><W114/><G25/><T96/><D94/><N who="2" m="35882" /><F83/><W39/><G114/><T85/><D0/><U22/><E22/><V56/><F124/><W60/><G21/><RYUUKYOKU ba="0,1" sc="308,-10,140,30,292,-10,250,-10" hai1="5,9,12,44,47,48,49,52,87,90,93,128,130" /><INIT seed="1,1,1,1,4,48" ten="298,170,282,240" oya="1" hai0="93,88,12,127,35,31,25,42,130,47,21,116,46" hai1="57,92,32,74,113,129,115,114,53,41,117,94,55" hai2="124,51,133,0,73,65,9,105,18,29,89,1,122" hai3="56,103,80,102,125,101,8,106,121,69,134,96,118"/><U19/><E129/><V62/><F73/><W44/><G121/><T20/><D116/><U30/><E117/><V64/><F105/><W4/><G69/><T28/><D130/><U26/><E74/><V27/><F122/><W109/><G118/><T58/><D127/><U83/><E41/><V77/><F77/><W75/><G125/><T2/><D2/><U99/><E83/><V14/><F133/><W52/><G134/><T95/><D95/><U91/><E57/><V79/><F79/><W60/><G109/><T111/><D111/><U6/><E6/><V13/><F65/><W24/><G75/><T67/><D12/><U66/><E66/><V98/><F98/><W43/><G24/><N who="0" m="16391" /><D35/><U85/><REACH who="1" step="1"/><E19/><REACH who="1" ten="298,160,282,240" step="2"/><V61/><F18/><W49/><REACH who="3" step="1"/><G80/><REACH who="3" ten="298,160,282,230" step="2"/><T68/><D68/><U3/><E3/><AGARI ba="1,3" hai="3,4,8,43,44,49,52,56,60,96,101,102,103,106" machi="3" ten="30,8000,1" yaku="1,1,2,1,7,1,52,1,54,1,53,0" doraHai="48" doraHaiUra="120" who="3" fromWho="1" sc="298,0,160,-83,282,0,230,113" /><INIT seed="2,0,0,5,5,17" ten="298,77,282,343" oya="2" hai0="9,85,3,107,23,65,46,80,109,105,86,25,41" hai1="28,39,99,64,62,50,20,47,92,93,84,5,63" hai2="114,75,43,70,124,53,48,116,130,106,6,133,55" hai3="0,15,100,102,94,16,78,7,66,135,44,37,30"/><V117/><F6/><W67/><G135/><T49/><D109/><U76/><E39/><V81/><F81/><W51/><G37/><T36/><D65/><U118/><E118/><V24/><F24/><W134/><G134/><T18/><D36/><U69/><E5/><V101/><F101/><W59/><G30/><T132/><D132/><U31/><E63/><V73/><F43/><W110/><G110/><T108/><D108/><U79/><E93/><V32/><F48/><W40/><G78/><T72/><D72/><U38/><E38/><V115/><F133/><W119/><G119/><T97/><D97/><U10/><E10/><V60/><F60/><W98/><G102/><T52/><D41/><U8/><E8/><V57/><F57/><W42/><G42/><T131/><D131/><U54/><E84/><V27/><F32/><W45/><G45/><T122/><D122/><U56/><E69/><V126/><F27/><W26/><G0/><T89/><REACH who="0" step="1"/><D85/><REACH who="0" ten="288,77,282,343" step="2"/><U123/><E123/><V103/><F130/><W1/><G67/><T111/><D111/><U58/><E58/><V77/><F75/><W87/><G87/><T95/><D95/><U33/><E33/><V22/><F73/><W4/><G66/><T11/><D11/><U90/><REACH who="1" step="1"/><E31/><REACH who="1" ten="288,67,282,343" step="2"/><V68/><F117/><W35/><G59/><T104/><D104/><U120/><E120/><V61/><F106/><W125/><G35/><T19/><D19/><U13/><E13/><V82/><F116/><W12/><G12/><T29/><D29/><U113/><E113/><V14/><F114/><W83/><G15/><RYUUKYOKU ba="0,2" sc="288,15,67,15,282,-15,343,-15" hai0="3,9,18,23,25,46,49,52,80,86,89,105,107" hai1="20,28,47,50,54,56,62,64,76,79,90,92,99" /><INIT seed="3,1,2,4,2,134" ten="303,82,267,328" oya="3" hai0="56,70,99,28,72,37,54,94,74,78,65,119,69" hai1="27,18,126,109,7,71,86,101,66,104,68,114,121" hai2="50,90,88,129,15,20,80,31,23,100,32,95,135" hai3="130,67,26,14,29,111,84,79,8,12,5,91,46"/><W131/><G79/><T45/><D119/><U125/><E114/><V55/><F129/><N who="3" m="49163" /><G111/><T35/><D28/><U3/><E109/><V4/><F135/><W110/><G110/><T128/><D35/><U108/><E108/><V11/><F32/><N who="3" m="20535" /><G67/><T33/><D33/><U92/><E104/><V44/><F31/><W48/><G8/><T77/><D78/><U24/><E121/><V10/><F100/><W53/><G5/><T1/><D77/><U123/><E123/><V39/><F39/><W2/><G2/><T38/><D1/><U116/><E116/><V61/><F11/><W42/><G42/><T117/><D37/><U41/><E41/><V36/><F36/><W113/><G113/><T122/><D65/><U63/><E71/><V103/><F103/><W34/><G34/><T124/><D70/><U96/><E86/><N who="2" m="50247" /><F61/><W85/><G85/><AGARI ba="1,2" hai="4,10,15,20,23,44,50,55,85,90,95" m="50247" machi="85" ten="30,2000,0" yaku="8,1,54,1" doraHai="134" who="2" fromWho="3" sc="303,0,82,0,267,43,328,-23" /><INIT seed="4,0,0,1,5,135" ten="303,82,310,305" oya="0" hai0="97,81,95,5,3,49,78,21,29,118,33,45,25" hai1="104,124,109,4,125,126,41,115,1,90,116,7,2" hai2="51,133,36,39,72,19,99,108,17,117,14,48,67" hai3="57,123,28,59,128,107,68,86,32,80,73,94,50"/><T98/><D118/><U40/><E109/><V132/><F72/><W35/><G68/><T87/><D33/><U102/><E116/><V62/><F117/><W79/><G128/><T121/><D121/><U37/><E90/><V96/><F14/><W114/><G114/><T100/><D3/><N who="1" m="1035" /><E115/><V130/><F62/><W76/><G107/><T13/><D97/><N who="1" m="61519" /><E37/><V74/><F74/><W120/><G28/><T18/><D5/><AGARI ba="0,0" hai="4,5,7,40,41,124,125,126" m="61519,1035" machi="5" ten="40,8000,1" yaku="18,1,52,3" doraHai="135" who="1" fromWho="0" sc="303,-80,82,80,310,0,305,0" /><INIT seed="5,0,0,3,2,48" ten="223,162,310,305" oya="1" hai0="111,3,35,69,12,10,82,50,47,75,49,63,124" hai1="66,118,106,79,94,33,31,98,135,96,46,14,71" hai2="102,87,123,105,59,51,74,37,120,73,128,39,72" hai3="32,16,133,95,129,117,68,28,58,89,103,113,4"/><U11/><E135/><V5/><F5/><W20/><G68/><T125/><D35/><U122/><E118/><V56/><F105/><W9/><G113/><T43/><D3/><U36/><E122/><V130/><F102/><W7/><G129/><N who="2" m="49769" /><F87/><W110/><G110/><T29/><D29/><U57/><E71/><V25/><F25/><W61/><G103/><T19/><D111/><U55/><E79/><V101/><F101/><W115/><G115/><T104/><D104/><U84/><E106/><V60/><F51/><W108/><G32/><T90/><D50/><U132/><E132/><V53/><F59/><W131/><G117/><T2/><D2/><U76/><E98/><V45/><F45/><W109/><G131/><T17/><D17/><U6/><E31/><V70/><F70/><W134/><G134/><T78/><REACH who="0" step="1"/><D90/><REACH who="0" ten="213,162,310,305" step="2"/><U85/><E33/><V41/><F41/><W91/><G133/><T13/><D13/><U67/><E14/><V26/><F26/><N who="3" m="16455" /><G91/><T92/><D92/><U52/><E94/><V8/><F123/><W114/><G114/><T18/><D18/><U77/><E6/><V62/><F120/><W119/><G7/><T107/><D107/><U27/><E27/><V88/><F88/><W24/><G4/><T44/><D44/><U1/><E46/><V112/><F112/><W65/><G24/><T23/><D23/><U83/><E1/><V93/><F93/><W34/><G34/><T121/><D121/><U97/><E11/><V0/><F62/><W21/><G21/><T64/><AGARI ba="0,1" hai="10,12,19,43,47,49,63,64,69,75,78,82,124,125" machi="64" ten="30,2000,0" yaku="1,1,0,1,53,0" doraHai="48" doraHaiUra="80" who="0" fromWho="0" sc="213,30,162,-10,310,-5,305,-5" /><INIT seed="6,0,0,3,4,131" ten="243,152,305,300" oya="2" hai0="104,68,70,9,29,127,72,69,102,67,73,85,88" hai1="94,38,99,43,55,116,118,75,76,50,66,78,92" hai2="107,27,58,24,35,37,89,83,16,129,57,18,133" hai3="5,60,21,13,7,1,0,26,54,126,106,132,90"/><V125/><F37/><W41/><G106/><T44/><D127/><U124/><E124/><V95/><F107/><W86/><G126/><T122/><D122/><U111/><E111/><V8/><F125/><W52/><G41/><T14/><D67/><U113/><E66/><V65/><F35/><W6/><G13/><T74/><D29/><U64/><E64/><V2/><F83/><W59/><G54/><T53/><D102/><U39/><E113/><V130/><F65/><W51/><G60/><T10/><D104/><U23/><E43/><V134/><F95/><W4/><N who="3" m="1024" /><DORA hai="103" /><W48/><G48/><T61/><D14/><U82/><E23/><V32/><F89/><W71/><G71/><T33/><D33/><U108/><E108/><V105/><F32/><W11/><G11/><T25/><D25/><U115/><E115/><V123/><F105/><W63/><G63/><T46/><D61/><U119/><E78/><V100/><F100/><W34/><G34/><T109/><D109/><U30/><E30/><V93/><F93/><W101/><G101/><T49/><REACH who="0" step="1"/><D46/><REACH who="0" ten="233,152,305,300" step="2"/><U79/><E94/><AGARI ba="0,1" hai="9,10,44,49,53,68,69,70,72,73,74,85,88,94" machi="94" ten="50,8000,1" yaku="1,1,2,1,54,1,53,1" doraHai="131,103" doraHaiUra="87,97" who="0" fromWho="1" sc="233,90,152,-80,305,0,300,0" /><INIT seed="7,0,0,0,3,135" ten="323,72,305,300" oya="3" hai0="21,48,58,100,118,13,57,63,54,10,27,78,132" hai1="73,51,4,107,114,30,68,121,32,45,125,71,95" hai2="19,42,37,11,62,35,79,127,77,6,18,86,126" hai3="88,5,92,119,3,65,133,120,130,75,82,123,97"/><W14/><G119/><T72/><D118/><U94/><E121/><V50/><F35/><W102/><G3/><T64/><D132/><U38/><E107/><V7/><F37/><W83/><G133/><T44/><D100/><U115/><E38/><V96/><F96/><W41/><G41/><T98/><D98/><U15/><E73/><V104/><F104/><N who="3" m="63567" /><G65/><T106/><D106/><U39/><E39/><V29/><F29/><W116/><G116/><T87/><D72/><U61/><E30/><V26/><F62/><W89/><G130/><T103/><D103/><U111/><E32/><V9/><F26/><W66/><G66/><T91/><D78/><N who="2" m="29706" /><F86/><N who="3" m="52247" /><G14/><T84/><D58/><U52/><E111/><V81/><F81/><N who="3" m="30731" /><G5/><N who="2" m="1545" /><F50/><W93/><G75/><T67/><D67/><N who="1" m="41071" /><E94/><V28/><F28/><W124/><G124/><N who="2" m="47657" /><F42/><W134/><G134/><T76/><D76/><U56/><E125/><V33/><F33/><W2/><G2/><T25/><D25/><U8/><E95/><V131/><F131/><W110/><G110/><T53/><D64/><U129/><E129/><V109/><F109/><W40/><G40/><T113/><D91/><U101/><E101/><V16/><AGARI ba="0,0" hai="9,11,16,18,19" m="47657,1545,29706" machi="16" ten="40,12000,2" yaku="28,2,18,1,52,3,54,1" doraHai="135" who="2" fromWho="2" sc="323,-30,72,-30,305,120,300,-60" owari="293,9.0,42,-46.0,425,53.0,240,-16.0" /></mjloggm>