<mjloggm ver="2.3"><GO type="169" lobby="0"/><UN n0="%E6%9D%8F%E9%9B%A8" n1="%E3%81%A8%E3%81%B3%E3%81%BE%E3%81%93" n2="%E3%83%A8%E3%82%B7%E3%83%AF" n3="%4A%69%7A%6F%75" dan="16,17,16,16" rate="2191.41,2217.62,2121.84,2064.85" sx="F,M,M,M"/><TAIKYOKU oya="0"/><INIT seed="0,0,0,2,2,101" ten="250,250,250,250" oya="0" hai0="57,131,37,120,39,84,20,27,108,42,70,99,24" hai1="55,17,135,83,45,112,32,48,58,94,123,53,78" hai2="117,40,29,88,6,111,114,106,128,113,89,107,10" hai3="38,133,97,19,87,5,93,23,11,26,76,59,47"/><T31/><D120/><U35/><E123/><V50/><F29/><W44/><G133/><T3/><D70/><U64/><E135/><V15/><F111/><W16/><G38/><T67/><D3/><U98/><E112/><V132/><F132/><W103/><G19/><T121/><D121/><U8/><E64/><V68/><F68/><W63/><G87/><T127/><D108/><U62/><E8/><V81/><F128/><W118/><G76/><T60/><D131/><U36/><E36/><V7/><F117/><W86/><G86/><T22/><D127/><U0/><E0/><V61/><F61/><W18/><G18/><T92/><D84/><U65/><E17/><V30/><F30/><W122/><G118/><T124/><D124/><U130/><E130/><V125/><F125/><W91/><G103/><N who="0" m="60903" /><D42/><U34/><E65/><V51/><F40/><W115/><G115/><T41/><D41/><U9/><E9/><V109/><F109/><W28/><G28/><AGARI ba="0,0" hai="20,22,24,27,28,31,37,39,57,60,67" m="60903" machi="28" ten="30,1500,0" yaku="25,1" doraHai="101" who="0" fromWho="3" sc="250,15,250,0,250,0,250,-15" /><INIT seed="0,1,0,4,0,115" ten="265,250,250,235" oya="0" hai0="47,38,135,39,131,90,51,112,89,119,111,108,64" hai1="74,26,33,70,9,107,23,46,20,10,73,12,62" hai2="60,32,128,67,96,34,14,45,37,42,29,50,31" hai3="102,100,57,95,4,44,80,134,77,130,72,16,126"/><T122/><D112/><U105/><E46/><V98/><F128/><W17/><G130/><T43/><D122/><U92/><E92/><V41/><F14/><W52/><G44/><T87/><D131/><U91/><E91/><V93/><F42/><W123/><G123/><T104/><D104/><U75/><E33/><V68/><F96/><W36/><G36/><T71/><D135/><U2/><E2/><V125/><F125/><W0/><G134/><T22/><D90/><U48/><E48/><V118/><F118/><W81/><G81/><T55/><D22/><U132/><E132/><V54/><F32/><W101/><G95/><T133/><D133/><U49/><E49/><V84/><F84/><W28/><G28/><T116/><D89/><U88/><E88/><N who="2" m="55591" /><F34/><W18/><G126/><T6/><D87/><U24/><E12/><V83/><F83/><W15/><G0/><T3/><D6/><U121/><E121/><V59/><AGARI ba="1,0" hai="29,31,37,41,45,50,54,59,60,67,68" m="55591" machi="59" ten="30,2000,0" yaku="24,1,54,1" doraHai="115" who="2" fromWho="2" sc="265,-11,250,-6,250,23,235,-6" /><INIT seed="1,0,0,2,5,57" ten="254,244,273,229" oya="1" hai0="39,45,106,63,130,16,80,98,118,128,51,20,32" hai1="134,65,53,30,89,15,110,96,114,82,36,23,12" hai2="24,67,107,78,85,103,42,129,6,132,70,3,79" hai3="40,95,109,2,122,5,133,123,105,71,48,112,25"/><U14/><E114/><V101/><F42/><W100/><G112/><T62/><D32/><U55/><E36/><V77/><F132/><W124/><G95/><T34/><D34/><U111/><E134/><V60/><F129/><N who="0" m="49770" /><D39/><U97/><E65/><V47/><F47/><W116/><G48/><T87/><D118/><U108/><E82/><V22/><F107/><W83/><G83/><T11/><D11/><U58/><E89/><V56/><F85/><W90/><G90/><N who="0" m="51559" /><D98/><N who="1" m="37995" /><E58/><V66/><F6/><W69/><G133/><T125/><D106/><U115/><E115/><V59/><F3/><W86/><G105/><T72/><D125/><U94/><E94/><V131/><F131/><W119/><G124/><T92/><D92/><U38/><E38/><V19/><F70/><W26/><G100/><T84/><D84/><U31/><E23/><V13/><F13/><W37/><G86/><T117/><D117/><N who="3" m="45129" /><G71/><T54/><D72/><U33/><E33/><V28/><F28/><AGARI ba="0,0" hai="12,14,15,28,30,31,53,55,108,110,111" m="37995" machi="28" ten="40,12000,1" yaku="28,2,14,1,10,1" doraHai="57" who="1" fromWho="2" sc="254,0,244,120,273,-120,229,0" /><INIT seed="1,1,0,0,3,20" ten="254,364,153,229" oya="1" hai0="78,45,117,33,9,44,41,98,72,105,49,21,122" hai1="102,90,57,36,97,93,94,101,12,18,121,34,130" hai2="6,89,86,65,14,74,25,60,7,70,80,50,32" hai3="92,43,135,67,15,107,4,84,38,85,13,61,23"/><U51/><E130/><V129/><F129/><W126/><G107/><T1/><D33/><U110/><E121/><V48/><F74/><W40/><G135/><T35/><D35/><U28/><E36/><V127/><F127/><W59/><G126/><T42/><D117/><U131/><E131/><V52/><F14/><W68/><G68/><T114/><D114/><U37/><E37/><V66/><F66/><W8/><G38/><T132/><D132/><U115/><E115/><V111/><F50/><W119/><G119/><T128/><D128/><U106/><E110/><V24/><F111/><W91/><G84/><T31/><D122/><U62/><E51/><V64/><F64/><W81/><REACH who="3" step="1"/><G92/><REACH who="3" ten="254,364,153,219" step="2"/><T47/><D105/><U108/><E108/><V26/><REACH who="2" step="1"/><F32/><REACH who="2" ten="254,364,143,219" step="2"/><W96/><G96/><T124/><D98/><U22/><E106/><V53/><F53/><W104/><G104/><T125/><D124/><U56/><E97/><V17/><F17/><AGARI ba="1,2" hai="4,8,13,15,17,23,40,43,59,61,67,81,85,91" machi="17" ten="40,2600,0" yaku="1,1,8,1,53,0" doraHai="20" doraHaiUra="103" who="3" fromWho="2" sc="254,0,364,0,143,-29,219,49" /><INIT seed="2,0,0,4,3,44" ten="254,364,114,268" oya="2" hai0="29,84,22,51,95,118,68,4,83,43,103,65,38" hai1="96,104,30,58,76,88,122,1,105,47,90,75,112" hai2="102,127,16,108,107,36,33,73,134,2,66,7,106" hai3="98,15,77,0,27,50,131,52,6,124,81,78,133"/><V42/><F66/><W126/><G0/><T111/><D38/><U87/><E1/><V101/><F16/><W132/><G98/><T79/><D4/><U31/><E112/><V72/><F134/><N who="3" m="51819" /><G27/><T121/><D121/><U99/><E58/><V12/><F12/><W9/><G131/><T13/><D111/><U60/><E60/><V97/><F127/><N who="3" m="48683" /><G81/><T18/><D29/><U45/><E122/><V17/><F17/><W25/><G25/><T92/><D118/><U57/><E31/><V56/><F56/><AGARI ba="0,0" hai="6,9,15,50,52,56,77,78" m="48683,51819" machi="56" ten="30,7700,0" yaku="20,1,18,1,52,1,54,1" doraHai="44" who="3" fromWho="2" sc="254,0,364,0,114,-77,268,77" /><INIT seed="3,0,0,2,3,77" ten="254,364,37,345" oya="3" hai0="101,93,17,83,99,15,90,82,63,32,24,43,70" hai1="118,7,52,125,129,65,122,61,47,124,36,53,68" hai2="56,74,38,51,127,23,100,120,6,39,108,31,79" hai3="59,25,89,121,76,128,69,109,84,9,102,41,133"/><W116/><G121/><T123/><D123/><U34/><E34/><V106/><F120/><W8/><G116/><T2/><D2/><U132/><E122/><V97/><F127/><N who="1" m="48713" /><E7/><V48/><F108/><W119/><G69/><T30/><D43/><N who="1" m="23015" /><E118/><V1/><F31/><W78/><G133/><T14/><D15/><U62/><E132/><V105/><F105/><W111/><G119/><T60/><D90/><U49/><E129/><V20/><F20/><W135/><G128/><T28/><D28/><U16/><E16/><V42/><F23/><W35/><G41/><T112/><D112/><U86/><E86/><V91/><F91/><W57/><G102/><T81/><REACH who="0" step="1"/><D70/><REACH who="0" ten="244,364,37,345" step="2"/><N who="1" m="42287" /><E49/><V13/><F51/><W37/><G135/><T80/><N who="0" m="20480" /><DORA hai="12" /><T58/><D58/><U44/><E44/><V131/><F56/><W72/><G59/><T22/><AGARI ba="0,1" hai="14,17,22,24,30,32,60,63,93,99,101" m="20480" machi="22" ten="40,16000,3" yaku="1,1,0,1,52,5,53,1" doraHai="77,12" doraHaiUra="67,19" who="0" fromWho="0" sc="244,170,364,-40,37,-40,345,-80" owari="414,51.0,324,12.0,-3,-50.0,265,-13.0" /></mjloggm>