<mjloggm ver="2.3"><GO type="169" lobby="0"/><UN n0="%E5%89%AF%E6%96%99%E7%90%86%E9%95%B7" n1="%E3%82%A2%E3%82%AF%E3%82%A2%E3%83%93%E3%83%BC%E3%83%8A%E3%82%B9" n2="%E9%87%A3%E3%82%8A%E6%97%A5%E5%92%8C" n3="%E3%81%8A%E3%81%98%E3%81%95%E3%82%93" dan="16,17,16,18" rate="2146.57,2195.12,2100.07,2222.51" sx="M,M,M,M"/><TAIKYOKU oya="0"/><INIT seed="0,0,0,3,5,124" ten="250,250,250,250" oya="0" hai0="95,5,71,22,126,114,41,70,117,51,122,88,31" hai1="125,1,12,131,58,57,134,103,37,105,11,115,44" hai2="7,109,116,15,79,112,67,34,68,111,83,62,98" hai3="78,129,55,81,99,47,13,8,73,84,104,64,107"/><T10/><D114/><U56/><E1/><V26/><F112/><W19/><G64/><T90/><D126/><U20/><E115/><V36/><F116/><W93/><G73/><T65/><D122/><U49/><E125/><V94/><F36/><W46/><G129/><T6/><D117/><U82/><E134/><V66/><F66/><W60/><G107/><T14/><D5/><U127/><E127/><V9/><F26/><W132/><G104/><T59/><D90/><U85/><E37/><V119/><F34/><W50/><G132/><T123/><D123/><U48/><E20/><V43/><F43/><W16/><G60/><T30/><D71/><U4/><E103/><V25/><F25/><W77/><G77/><T120/><D120/><U87/><E105/><V17/><F7/><W69/><G69/><T35/><D35/><U39/><E85/><V96/><F119/><W80/><G80/><T23/><D70/><U27/><E27/><V130/><F130/><W45/><REACH who="3" step="1"/><G19/><REACH who="3" ten="250,250,250,240" step="2"/><T0/><D65/><U97/><E131/><V61/><F62/><W92/><G92/><T72/><D72/><U121/><E121/><V40/><F94/><W110/><G110/><T76/><D76/><U38/><E97/><N who="2" m="37483" /><F111/><W3/><G3/><T21/><D0/><U135/><E135/><V33/><F109/><W100/><AGARI ba="0,1" hai="8,13,16,45,46,47,50,55,78,81,84,93,99,100" machi="100" ten="20,8000,1" yaku="1,1,0,1,7,1,8,1,54,1,53,0" doraHai="124" doraHaiUra="63" who="3" fromWho="3" sc="250,-40,250,-20,250,-20,240,90" /><INIT seed="1,0,0,5,2,56" ten="210,230,230,330" oya="1" hai0="77,25,45,2,68,24,27,102,10,96,34,128,58" hai1="86,132,37,83,28,3,115,122,117,44,120,17,4" hai2="100,33,124,29,71,60,75,22,19,72,131,105,88" hai3="94,8,43,32,91,61,52,87,78,112,36,54,48"/><U103/><E117/><V12/><F131/><W55/><G32/><T99/><D68/><U6/><E115/><V85/><F124/><W109/><G112/><T35/><D128/><U59/><E132/><V84/><F84/><W108/><G36/><T98/><D102/><U90/><E28/><V82/><F29/><W11/><G78/><T31/><D77/><U95/><E120/><V51/><F51/><W18/><G61/><T50/><D58/><U133/><E133/><V76/><F33/><W125/><G125/><T46/><D31/><U57/><E122/><V123/><F123/><W30/><G30/><T20/><D20/><U93/><E93/><V126/><F126/><W116/><G116/><T106/><D106/><U23/><E44/><V118/><F118/><W134/><G134/><T110/><D46/><U135/><E37/><V129/><F129/><W121/><G121/><T107/><D107/><U14/><E135/><V42/><F42/><W7/><G18/><T79/><D79/><U9/><REACH who="1" step="1"/><E4/><REACH who="1" ten="210,220,230,330" step="2"/><V65/><REACH who="2" step="1"/><F76/><REACH who="2" ten="210,220,220,330" step="2"/><W26/><G7/><T111/><D35/><U1/><E1/><V113/><F113/><W97/><G43/><N who="0" m="24895" /><D34/><U73/><E73/><V41/><F41/><W89/><G48/><T47/><D2/><U62/><E62/><V21/><F21/><W63/><G63/><T15/><D47/><U69/><E69/><V64/><F64/><W80/><G8/><T70/><D70/><U39/><E39/><V74/><F74/><W16/><G11/><T114/><D114/><U66/><E66/><V104/><F104/><W49/><G49/><RYUUKYOKU ba="0,2" sc="210,0,220,0,220,0,330,0" hai0="10,15,24,25,27,96,98,99,110,111" hai1="3,6,9,14,17,23,57,59,83,86,90,95,103" hai2="12,19,22,60,65,71,72,75,82,85,88,100,105" hai3="16,26,52,54,55,80,87,89,91,94,97,108,109" /><INIT seed="1,1,2,0,2,31" ten="210,220,220,330" oya="1" hai0="5,94,133,95,103,24,23,89,13,84,78,9,122" hai1="110,15,85,1,55,62,37,30,48,83,25,63,116" hai2="33,134,123,100,114,61,52,129,53,79,2,97,40" hai3="3,16,106,76,71,115,70,77,113,38,131,67,68"/><U32/><E116/><V44/><F123/><W127/><G3/><T102/><D122/><U104/><E37/><V72/><F2/><W6/><G6/><T28/><D133/><U0/><E0/><V27/><F134/><W135/><G135/><T96/><REACH who="0" step="1"/><D78/><REACH who="0" ten="200,220,220,330" step="2"/><U99/><E110/><V35/><F79/><W12/><G77/><T7/><D7/><U47/><E1/><V11/><F72/><W46/><G76/><T107/><D107/><U117/><E117/><V4/><F4/><W128/><G106/><T58/><D58/><U8/><E104/><V10/><F114/><W92/><G113/><T51/><D51/><U126/><E126/><V121/><F121/><W21/><G115/><T75/><D75/><U18/><E99/><V80/><F97/><W65/><G127/><T59/><D59/><U56/><E56/><V49/><F49/><W101/><G71/><T54/><D54/><U45/><E45/><V19/><F52/><W22/><G70/><T87/><D87/><U88/><AGARI ba="1,3" hai="8,15,18,25,30,32,47,48,55,62,63,83,85,88" machi="88" ten="20,18000,2" yaku="0,1,7,1,25,2,52,1,54,1" doraHai="31" who="1" fromWho="1" sc="200,-61,220,213,220,-61,330,-61" /><INIT seed="1,2,0,3,3,86" ten="139,433,159,269" oya="1" hai0="5,34,128,84,36,30,25,70,46,126,115,23,125" hai1="51,0,87,31,117,103,63,40,102,82,110,62,24" hai2="134,33,111,92,49,65,120,20,95,15,127,113,130" hai3="58,91,43,32,77,116,83,59,12,97,2,17,132"/><U53/><E117/><V19/><F33/><W89/><G32/><T9/><D70/><U104/><E40/><V72/><F72/><W22/><G116/><T96/><D115/><U69/><E0/><V21/><F120/><W54/><G2/><T52/><D128/><U79/><E110/><V39/><F39/><W8/><G132/><T119/><D119/><U81/><E81/><V27/><F134/><W50/><G43/><T3/><D96/><U55/><E55/><V64/><F130/><W44/><G22/><T118/><D118/><U121/><E121/><V85/><F111/><W66/><G97/><T35/><D35/><U75/><E75/><V105/><F105/><W13/><G13/><T112/><D112/><U109/><E109/><V29/><F127/><W129/><G129/><T11/><D11/><U38/><E38/><V93/><F113/><W99/><G99/><T101/><D101/><U123/><E123/><V60/><F49/><W100/><G100/><N who="1" m="38442" /><E69/><V68/><REACH who="2" step="1"/><F65/><REACH who="2" ten="139,433,149,269" step="2"/><W131/><G131/><T98/><D126/><U48/><E48/><V42/><F42/><W14/><G66/><T41/><D125/><U16/><E104/><V107/><F107/><W88/><REACH who="3" step="1"/><G14/><REACH who="3" ten="139,433,149,259" step="2"/><T4/><D34/><U80/><E53/><V18/><F18/><W37/><G37/><T73/><D52/><U76/><E16/><V26/><F26/><W28/><G28/><T122/><D122/><U47/><E24/><V1/><F1/><W10/><G10/><T71/><D3/><U78/><E31/><V74/><F74/><AGARI ba="2,2" hai="8,12,17,44,50,54,58,59,74,77,83,88,89,91" machi="74" ten="40,8000,1" yaku="1,1,52,3,54,1,53,0" doraHai="86" doraHaiUra="135" who="3" fromWho="2" sc="139,0,433,0,149,-86,259,106" /><INIT seed="2,0,0,0,4,102" ten="139,433,63,365" oya="2" hai0="89,40,108,121,113,129,8,68,13,34,134,9,118" hai1="10,124,63,100,61,25,122,105,35,125,82,72,32" hai2="103,38,52,117,78,128,33,11,93,57,95,17,41" hai3="115,67,110,43,116,3,107,21,73,19,79,77,114"/><V36/><F117/><W62/><G3/><T120/><D40/><U65/><E122/><V46/><F36/><W26/><G116/><T76/><D89/><U64/><E10/><V7/><F33/><W53/><G43/><T132/><D76/><U85/><E72/><V16/><F78/><W104/><G53/><T29/><D13/><U86/><E100/><V92/><F103/><W106/><G110/><T30/><D68/><U90/><E105/><V15/><REACH who="2" step="1"/><F128/><REACH who="2" ten="139,433,53,365" step="2"/><W130/><G130/><T1/><D34/><U109/><E35/><V74/><F74/><W97/><G97/><T133/><D118/><U56/><E32/><V81/><F81/><W127/><G127/><T123/><D129/><U83/><E109/><V24/><F24/><W58/><G73/><T37/><D37/><U0/><E25/><V54/><F54/><W126/><G126/><T14/><D108/><U48/><E124/><V112/><F112/><AGARI ba="0,1" hai="19,21,26,58,62,67,77,79,104,106,107,112,114,115" machi="112" ten="50,8000,1" yaku="11,1,52,3" doraHai="102" who="3" fromWho="2" sc="139,0,433,0,53,-80,365,90" owari="139,-26.0,433,23.0,-27,-53.0,455,56.0" /></mjloggm>