<mjloggm ver="2.3"><GO type="169" lobby="0"/><UN n0="%E3%82%B9%E3%83%86%E3%82%A3%E3%83%AB%E3%82%A4%E3%83%B3%E3%83%A9%E3%83%B4" n1="%E7%82%8E%E3%81%AE%E3%83%88%E3%83%AC%E3%83%BC%E3%83%80%E3%83%BC" n2="%E4%BA%BA%E5%8F%82%E5%BD%B9%E8%80%85%E3%81%8F%E3%82%93" n3="%74%6F%72%69%30%36%31%32" dan="16,16,16,18" rate="2026.47,2158.90,2057.83,2264.63" sx="M,M,M,M"/><TAIKYOKU oya="0"/><INIT seed="0,0,0,0,2,84" ten="250,250,250,250" oya="0" hai0="125,71,65,112,90,73,17,87,3,88,11,76,19" hai1="66,41,4,44,56,38,102,128,39,32,108,86,48" hai2="69,64,133,135,50,120,98,37,83,55,52,129,62" hai3="124,18,34,23,104,119,5,107,109,79,89,54,1"/><T49/><D125/><U12/><E32/><V81/><F120/><W26/><G119/><T40/><D112/><U130/><E102/><V51/><F98/><W94/><G109/><T110/><D73/><U100/><E100/><V61/><F129/><N who="1" m="49769" /><E108/><V36/><F64/><W103/><G103/><T74/><D74/><U57/><E12/><V21/><F21/><W53/><G79/><T6/><D71/><AGARI ba="0,0" hai="36,37,50,51,52,55,61,62,69,71,81,83,133,135" machi="71" ten="25,3200,0" yaku="22,2,54,1" doraHai="84" who="2" fromWho="0" sc="250,-32,250,0,250,32,250,0" /><INIT seed="1,0,0,3,2,103" ten="218,250,282,250" oya="1" hai0="34,37,80,98,46,41,111,67,2,86,75,20,119" hai1="133,108,4,99,12,51,102,116,40,128,87,31,85" hai2="94,47,110,9,74,130,22,132,135,77,36,8,123" hai3="49,83,15,55,64,62,28,69,90,45,131,44,32"/><U78/><E116/><V109/><F123/><W35/><G131/><T21/><D119/><U63/><E128/><V23/><F36/><W92/><G83/><T117/><D34/><U81/><E133/><N who="2" m="51275" /><F47/><W84/><G28/><T7/><D111/><N who="2" m="42506" /><F94/><W29/><G29/><T126/><D126/><U89/><E108/><V24/><F77/><W134/><G134/><T11/><D117/><U1/><E63/><V72/><F130/><W66/><G66/><T97/><D67/><U52/><E40/><V50/><F50/><W30/><G30/><T91/><D98/><U16/><E1/><V42/><F24/><W70/><G70/><T129/><D129/><U25/><E4/><V58/><F58/><W38/><G45/><T33/><D33/><U3/><E3/><V71/><F42/><W0/><G0/><T95/><REACH who="0" step="1"/><D75/><REACH who="0" ten="208,250,282,250" step="2"/><N who="2" m="28714" /><F71/><W114/><G69/><T113/><D113/><U127/><E99/><V19/><F19/><W43/><G114/><T53/><D53/><U10/><E102/><AGARI ba="0,1" hai="2,7,11,20,21,37,41,46,80,86,91,95,97,102" machi="102" ten="30,2000,0" yaku="1,1,7,1,53,0" doraHai="103" doraHaiUra="106" who="0" fromWho="1" sc="208,30,250,-20,282,0,250,0" /><INIT seed="2,0,0,4,4,108" ten="238,230,282,250" oya="2" hai0="3,65,112,14,69,87,1,74,105,94,122,38,51" hai1="100,78,17,12,47,66,99,111,95,123,42,109,60" hai2="31,64,73,22,33,21,91,131,83,129,56,81,40" hai3="133,53,128,72,43,71,80,82,90,26,92,76,27"/><V23/><F40/><W121/><G121/><T84/><D105/><U102/><E123/><V79/><F83/><W54/><G71/><T97/><D38/><U20/><E78/><V24/><REACH who="2" step="1"/><F91/><REACH who="2" ten="238,230,272,250" step="2"/><W39/><G82/><T19/><D122/><U37/><REACH who="1" step="1"/><E102/><REACH who="1" ten="238,220,272,250" step="2"/><V130/><F130/><W120/><G128/><T104/><D74/><U16/><E16/><V18/><F18/><W115/><G120/><T0/><D19/><U25/><E25/><V75/><F75/><W5/><G27/><T134/><D134/><U41/><E41/><V124/><F124/><W125/><G26/><T29/><D29/><U77/><E77/><V61/><AGARI ba="0,2" hai="21,22,23,24,31,33,56,61,64,73,79,81,129,131" machi="61" ten="30,3000,0" yaku="1,1,0,1,53,0" doraHai="108" doraHaiUra="35" who="2" fromWho="2" sc="238,-10,220,-10,272,50,250,-10" /><INIT seed="2,1,0,0,1,71" ten="228,210,322,240" oya="2" hai0="11,84,53,61,133,12,37,48,67,49,34,90,65" hai1="112,47,92,80,6,132,116,3,125,107,13,44,59" hai2="55,52,46,101,130,10,108,134,122,63,129,72,64" hai3="17,88,38,73,110,4,113,30,41,45,14,77,9"/><V31/><F72/><W51/><G110/><T81/><D133/><U127/><E107/><V97/><F122/><W29/><G113/><T121/><D34/><U100/><E112/><V115/><F115/><W33/><G33/><T75/><D37/><U123/><E123/><V60/><F134/><W118/><G118/><T50/><D75/><U66/><E132/><V124/><F124/><W68/><G68/><T74/><D74/><U117/><E3/><V0/><F31/><W126/><G126/><N who="1" m="48138" /><E80/><V96/><F108/><W26/><G51/><T93/><D121/><U57/><E100/><V102/><F46/><N who="1" m="17449" /><E92/><V83/><F83/><W5/><G77/><T23/><D81/><U36/><E13/><V25/><F25/><W114/><G73/><T131/><D93/><U128/><E6/><V119/><F10/><W76/><G76/><T105/><D11/><U111/><E111/><V18/><F18/><W95/><G114/><T22/><D12/><U35/><E35/><V42/><F42/><W32/><REACH who="3" step="1"/><G30/><REACH who="3" ten="228,210,322,230" step="2"/><T8/><D50/><U54/><E117/><V135/><F119/><W70/><G70/><T89/><D49/><N who="1" m="30927" /><E116/><V62/><F135/><W7/><G7/><T1/><D48/><U99/><E128/><V87/><F129/><W21/><G21/><T56/><D23/><U85/><E59/><V94/><F130/><W28/><G28/><T16/><D22/><U104/><E104/><V120/><F120/><W2/><G2/><T40/><D105/><U27/><E27/><V43/><F0/><W78/><G78/><T79/><D131/><U19/><E19/><RYUUKYOKU ba="1,1" sc="228,-10,210,-10,322,-10,230,30" hai3="4,5,9,14,17,26,29,32,38,41,45,88,95" /><INIT seed="3,2,1,2,0,128" ten="218,200,312,260" oya="3" hai0="98,135,0,129,101,93,29,92,3,110,83,59,67" hai1="36,58,41,6,56,50,27,5,104,53,112,130,103" hai2="102,73,30,96,54,43,99,31,134,39,49,77,84" hai3="109,62,72,133,78,46,14,127,26,90,38,47,120"/><W4/><G120/><T25/><D110/><U7/><E130/><V16/><F73/><W114/><G114/><T24/><D135/><U118/><E112/><V1/><F134/><W91/><G38/><T61/><D129/><U116/><E27/><V124/><F1/><W71/><G71/><T94/><D83/><U48/><E36/><V12/><F99/><W75/><G62/><T63/><D25/><U2/><E2/><V131/><F124/><W40/><G26/><T10/><D0/><U123/><E123/><V125/><F125/><W115/><G14/><T88/><D10/><U87/><E87/><V32/><F32/><W100/><G100/><T81/><D81/><U126/><E126/><V13/><F13/><W20/><G40/><T45/><D45/><U80/><E80/><N who="2" m="47119" /><F43/><W108/><G127/><T21/><D3/><U106/><E103/><V82/><F82/><W85/><G85/><T57/><REACH who="0" step="1"/><D101/><REACH who="0" ten="208,200,312,260" step="2"/><U52/><E41/><V9/><F131/><W122/><G115/><T76/><D76/><U11/><E11/><V121/><F121/><W66/><G78/><T64/><AGARI ba="2,2" hai="21,24,29,57,59,61,63,64,67,88,92,93,94,98" machi="64" ten="20,12000,2" yaku="1,1,0,1,7,1,9,1,8,1,54,1,53,0" doraHai="128" doraHaiUra="119" who="0" fromWho="0" sc="208,146,200,-32,312,-32,260,-62" /><INIT seed="4,0,0,4,2,45" ten="354,168,280,198" oya="0" hai0="17,78,128,63,70,122,98,50,113,82,109,20,99" hai1="88,2,65,74,131,95,125,26,23,44,15,115,105" hai2="112,32,41,1,53,129,100,0,96,75,21,7,90" hai3="117,120,51,37,6,123,76,60,107,30,35,133,135"/><T89/><D122/><N who="3" m="46633" /><G37/><T11/><D11/><U85/><E2/><V28/><F32/><W48/><G107/><T9/><D9/><U56/><E105/><V81/><F41/><W68/><G6/><T57/><D70/><U36/><E74/><V67/><F7/><W22/><G35/><T31/><D31/><U55/><E15/><V94/><F67/><N who="3" m="41063" /><G76/><T116/><D116/><U118/><E118/><V134/><F53/><W64/><G117/><T106/><D89/><U24/><E131/><V79/><F112/><W58/><G22/><T18/><D18/><U114/><E125/><V42/><F134/><N who="3" m="51211" /><G30/><T3/><D20/><U10/><E65/><V46/><F21/><W27/><G27/><T54/><D54/><U72/><E10/><V127/><F28/><W8/><G8/><T103/><D106/><U69/><E72/><V62/><F127/><W29/><G29/><T12/><D78/><U34/><E69/><V66/><F79/><W110/><G110/><T5/><D5/><U93/><E34/><V102/><F75/><W16/><G16/><T124/><D17/><U92/><E23/><V80/><F1/><W40/><G40/><T111/><D3/><U73/><E73/><V14/><F14/><W43/><G43/><T59/><D12/><U83/><E24/><V121/><F0/><W101/><G101/><T19/><D109/><U33/><E26/><V130/><F121/><W104/><G104/><T49/><D111/><U91/><E33/><V84/><F100/><W132/><N who="3" m="51219" /><W39/><DORA hai="25" /><G39/><T13/><D13/><U71/><E36/><RYUUKYOKU ba="0,0" sc="354,-10,168,-10,280,-10,198,30" hai3="48,51,58,64" /><INIT seed="5,1,0,3,3,107" ten="344,158,270,228" oya="1" hai0="94,106,19,49,32,131,122,12,129,112,15,98,44" hai1="130,2,124,10,36,30,114,64,47,22,13,17,39" hai2="41,24,104,93,52,120,76,128,56,100,80,51,34" hai3="60,46,84,132,6,37,113,101,105,109,67,70,27"/><U53/><E114/><V73/><F120/><W7/><G109/><T38/><D122/><U54/><E130/><N who="0" m="49673" /><D106/><U97/><E124/><V9/><F9/><W96/><G113/><T61/><D38/><U92/><E64/><V127/><F127/><W75/><G132/><T87/><D32/><U55/><E47/><V78/><F78/><W82/><G75/><T85/><D61/><U103/><REACH who="1" step="1"/><E30/><REACH who="1" ten="344,148,270,228" step="2"/><V43/><F128/><W95/><G46/><T28/><D28/><U40/><E40/><V81/><F43/><W125/><G125/><T18/><D112/><U102/><E102/><V135/><F41/><W25/><G37/><T62/><D44/><U50/><E50/><V3/><F100/><W89/><G105/><T72/><D49/><U58/><E58/><V42/><F104/><W21/><G27/><T115/><D62/><U83/><E83/><V111/><F42/><W117/><G117/><T108/><D115/><U11/><E11/><V88/><F56/><W110/><G110/><T5/><D108/><U99/><E99/><V26/><F111/><W23/><G25/><T71/><D71/><U59/><E59/><V91/><F24/><W16/><G70/><T133/><D98/><U20/><E20/><V35/><F26/><N who="3" m="14631" /><G23/><T86/><D133/><U29/><E29/><V126/><F126/><W119/><G119/><T116/><D116/><U134/><E134/><V48/><F135/><W45/><G45/><T65/><D65/><U123/><E123/><V118/><F118/><W31/><G31/><T14/><D94/><U77/><E77/><V79/><F79/><RYUUKYOKU ba="1,1" sc="344,-15,148,15,270,-15,228,15" hai1="2,10,13,17,22,36,39,53,54,55,92,97,103" hai3="6,7,60,67,82,84,89,95,96,101" /><INIT seed="5,2,1,2,3,106" ten="329,163,255,243" oya="1" hai0="118,99,8,26,114,4,95,123,71,3,67,57,62" hai1="89,23,41,32,43,55,94,96,69,70,46,65,40" hai2="44,81,49,101,27,12,11,19,133,97,125,51,30" hai3="39,100,115,91,120,25,56,83,17,9,86,50,72"/><U20/><E32/><V103/><F133/><W113/><G39/><T84/><D118/><U45/><E55/><V6/><F125/><W52/><G120/><T31/><D114/><N who="3" m="43529" /><G100/><T63/><D84/><U132/><E132/><V22/><F81/><W74/><G25/><T58/><D63/><U108/><E108/><V66/><F66/><W13/><AGARI ba="2,1" hai="9,13,17,50,52,56,72,74,83,86,91" m="43529" machi="13" ten="30,7900,0" yaku="15,1,52,2,54,1" doraHai="106" who="3" fromWho="3" sc="329,-22,163,-41,255,-22,243,95" /><INIT seed="6,0,0,0,5,73" ten="307,122,233,338" oya="2" hai0="19,99,117,48,131,23,106,34,105,113,20,101,74" hai1="125,8,61,83,47,26,12,108,69,44,90,25,58" hai2="133,129,57,21,114,24,60,40,15,110,5,79,62" hai3="53,2,71,16,10,36,88,64,13,45,97,119,78"/><V68/><F114/><W63/><G119/><T76/><D34/><U118/><E69/><V135/><F129/><W103/><G2/><T35/><D35/><U28/><E118/><V104/><F104/><W94/><G78/><T89/><D117/><U91/><E108/><V86/><F40/><W51/><REACH who="3" step="1"/><G36/><REACH who="3" ten="307,122,233,328" step="2"/><T29/><D76/><U93/><E125/><V122/><F79/><W102/><AGARI ba="0,1" hai="10,13,16,45,51,53,63,64,71,88,94,97,102,103" machi="102" ten="30,12000,2" yaku="1,1,2,1,0,1,54,2,53,1" doraHai="73" doraHaiUra="42" who="3" fromWho="3" sc="307,-30,122,-30,233,-60,328,130" /><INIT seed="7,0,0,1,1,116" ten="277,92,173,458" oya="3" hai0="132,125,65,41,64,24,131,122,5,110,30,10,112" hai1="37,58,17,77,76,12,87,1,18,2,21,11,54" hai2="55,46,51,34,105,57,15,95,115,60,109,80,53" hai3="3,4,114,0,38,123,19,29,86,71,40,70,74"/><W14/><G86/><T102/><D122/><U6/><E37/><V36/><F109/><W129/><G123/><T33/><D110/><U96/><E1/><V126/><F105/><W20/><G114/><T133/><D125/><U43/><E43/><V127/><F34/><W50/><G50/><T28/><D28/><U117/><E117/><V119/><F115/><W68/><G129/><T25/><D25/><U8/><E2/><V27/><F80/><W63/><G74/><T93/><D41/><U103/><E6/><V7/><F27/><W90/><G90/><T78/><D78/><U128/><E128/><V113/><F36/><W79/><G79/><T118/><D118/><U98/><E103/><V62/><F113/><W92/><G92/><T130/><D112/><U35/><E35/><V81/><F81/><W73/><G73/><T91/><D102/><U134/><E134/><N who="0" m="51817" /><D130/><U49/><E21/><V45/><F7/><W107/><G29/><T44/><D44/><U16/><E18/><V101/><F45/><W9/><G107/><T108/><D108/><U88/><E77/><V23/><F101/><W84/><G3/><N who="0" m="319" /><D131/><U94/><E76/><V124/><F23/><W26/><G0/><T121/><D121/><U69/><E69/><V56/><F119/><W59/><G40/><T120/><D120/><U66/><E66/><V104/><F124/><W39/><G39/><T85/><AGARI ba="0,0" hai="24,30,33,64,65,85,91,93" m="319,51817" machi="85" ten="30,1100,0" yaku="20,1" doraHai="116" who="0" fromWho="0" sc="277,11,92,-3,173,-3,458,-5" owari="288,9.0,89,-41.0,170,-23.0,453,55.0" /></mjloggm>