<mjloggm ver="2.3"><GO type="169" lobby="0"/><UN n0="%E4%B9%9D%E5%B0%BE%E3%83%AA%E3%82%B3%E3%83%8D" n1="%E3%81%AA%E3%81%88%E3%81%A8%E3%82%8B" n2="%E9%B3%B3%E5%8D%97%E3%81%AE%E3%81%B6%E3%81%9F%E3%81%95%E3%82%93" n3="%E3%81%86%E3%81%A9%E3%82%93%E4%B8%B8" dan="16,16,17,16" rate="2096.19,2084.48,2237.32,2089.64" sx="M,M,M,M"/><TAIKYOKU oya="0"/><INIT seed="0,0,0,0,5,24" ten="250,250,250,250" oya="0" hai0="134,105,122,114,129,75,47,26,52,85,44,35,37" hai1="77,50,17,36,87,30,117,109,2,21,72,70,33" hai2="11,78,66,99,38,42,0,28,126,128,132,34,115" hai3="91,8,73,61,46,94,76,92,48,51,101,5,119"/><T84/><D114/><U40/><E117/><V74/><F128/><W1/><G119/><T81/><D122/><U16/><E70/><V106/><F66/><W69/><G101/><T102/><D134/><U54/><E72/><V82/><F126/><W6/><G76/><T95/><D105/><U68/><E68/><V86/><F86/><W32/><G73/><T83/><D75/><U7/><E36/><V41/><F41/><W13/><G32/><T62/><D129/><U120/><E120/><V27/><F132/><W133/><G51/><T58/><D37/><U55/><E2/><V29/><F29/><W113/><G94/><T39/><D39/><U125/><E7/><N who="2" m="1511" /><F115/><W49/><G48/><T22/><D35/><U130/><E33/><V15/><F15/><W64/><G113/><T88/><D102/><U89/><E77/><V67/><F67/><W110/><G6/><T79/><D95/><U43/><E55/><V19/><F19/><AGARI ba="0,0" hai="19,22,26,44,47,52,58,62,79,81,83,84,85,88" machi="19" ten="30,11600,0" yaku="7,1,8,1,54,2" doraHai="24" who="0" fromWho="2" sc="250,116,250,0,250,-116,250,0" /><INIT seed="0,1,0,0,3,89" ten="366,250,134,250" oya="0" hai0="13,103,47,96,134,55,73,51,87,67,30,126,111" hai1="125,79,54,45,102,31,52,4,59,93,76,38,121" hai2="75,107,131,2,33,70,24,124,27,11,34,127,90" hai3="108,74,42,36,130,119,19,94,116,1,135,115,57"/><T113/><D113/><U29/><E121/><V6/><F70/><W3/><G57/><T16/><D73/><U46/><E125/><N who="2" m="48203" /><F107/><W20/><G42/><T81/><D134/><U66/><E4/><N who="2" m="1431" /><F90/><W100/><G74/><T84/><D30/><N who="1" m="11275" /><E38/><V63/><F63/><W49/><G36/><T112/><D112/><U69/><E69/><V92/><F92/><W62/><G62/><T12/><D111/><U39/><E39/><V28/><F75/><W104/><G104/><T23/><D126/><U85/><E66/><V8/><F131/><W77/><G77/><N who="1" m="29770" /><E54/><V56/><F56/><W40/><G130/><T43/><D67/><U41/><E41/><V71/><F71/><W7/><G108/><T109/><D109/><U106/><E106/><V21/><F27/><W18/><G115/><T60/><D81/><U122/><E122/><V99/><F99/><W83/><G83/><T50/><D60/><N who="1" m="35943" /><E85/><V72/><F72/><W32/><G40/><T86/><D55/><U53/><E53/><V80/><F80/><W22/><G49/><T26/><D51/><U5/><E5/><V95/><F95/><AGARI ba="1,0" hai="12,13,16,23,26,43,47,50,84,86,87,95,96,103" machi="95" ten="40,7700,0" yaku="8,1,52,1,54,1" doraHai="89" who="0" fromWho="2" sc="366,80,250,0,134,-80,250,0" /><INIT seed="0,2,0,3,2,90" ten="446,250,54,250" oya="0" hai0="116,48,73,75,122,77,6,32,87,86,9,40,33" hai1="41,104,19,21,128,31,62,76,44,13,53,22,96" hai2="132,50,43,130,125,8,16,39,11,12,47,55,5" hai3="72,68,107,97,25,34,20,54,49,28,69,64,115"/><T23/><D116/><U27/><E128/><V1/><F132/><W52/><G115/><T26/><D122/><U131/><E131/><V61/><F130/><W93/><G72/><T70/><D70/><U4/><E76/><V121/><F125/><W135/><G135/><T58/><D32/><U112/><E112/><V114/><F114/><W111/><G111/><T38/><D33/><U7/><E104/><V15/><F121/><W102/><G107/><T65/><D38/><U129/><E129/><V14/><REACH who="2" step="1"/><F61/><REACH who="2" ten="446,250,44,250" step="2"/><W105/><G34/><T78/><D73/><U94/><E62/><V30/><F30/><W89/><G64/><T118/><D75/><U110/><E110/><V91/><F91/><W103/><G103/><T37/><D65/><U83/><E83/><V99/><F99/><W74/><G74/><T109/><D109/><U3/><E3/><V10/><F10/><W79/><G79/><T106/><D9/><U59/><E96/><V85/><F85/><W36/><G102/><T98/><D87/><U127/><E127/><V113/><F113/><W120/><G120/><T17/><D86/><U24/><E31/><V18/><F18/><W66/><G66/><T45/><D98/><U119/><E19/><V29/><F29/><W88/><G89/><T82/><D17/><U35/><E35/><V117/><F117/><W84/><G84/><T63/><D78/><U57/><E119/><V71/><F71/><W81/><G69/><T80/><D77/><U133/><E133/><V134/><F134/><W108/><G68/><T42/><D118/><U60/><E60/><RYUUKYOKU ba="2,1" sc="446,-10,250,-10,44,30,250,-10" hai2="1,5,8,11,12,14,15,16,39,43,47,50,55" /><INIT seed="1,3,1,3,3,55" ten="436,240,74,240" oya="1" hai0="123,39,13,71,0,111,122,68,131,3,99,33,58" hai1="105,77,119,63,109,121,32,98,34,128,59,84,134" hai2="5,127,90,93,96,42,124,133,19,9,20,12,52" hai3="31,2,97,48,115,23,66,17,81,15,49,6,73"/><U85/><E119/><V94/><F42/><W95/><G115/><T14/><D111/><U8/><E121/><V30/><F133/><W113/><G113/><T29/><D29/><U11/><E134/><V107/><F107/><W92/><G66/><T89/><D99/><U69/><E69/><V103/><F30/><W41/><G31/><T28/><D28/><U120/><E120/><V25/><F94/><W65/><G65/><T88/><D58/><U26/><E26/><V102/><F124/><W27/><G2/><T118/><D131/><U126/><E126/><V44/><REACH who="2" step="1"/><F127/><REACH who="2" ten="436,240,64,240" step="2"/><W135/><G41/><T70/><D122/><U87/><E128/><V132/><F132/><W54/><G95/><T106/><D106/><U80/><E109/><V64/><F64/><W43/><G43/><T110/><D123/><U74/><E34/><V40/><F40/><W56/><G135/><T16/><D33/><U104/><E32/><V116/><F116/><W101/><G81/><T60/><D118/><U4/><E105/><V62/><F62/><N who="3" m="36119" /><G73/><T125/><D125/><U24/><E104/><V50/><AGARI ba="3,2" hai="5,9,12,19,20,25,44,50,52,90,93,96,102,103" machi="50" ten="30,7900,0" yaku="1,1,0,1,8,1,54,1,53,0" doraHai="55" doraHaiUra="129" who="2" fromWho="2" sc="436,-23,240,-42,64,108,240,-23" /><INIT seed="2,0,0,0,0,36" ten="413,198,172,217" oya="2" hai0="21,127,45,109,42,64,73,49,80,50,8,115,66" hai1="117,79,2,43,120,5,51,90,123,53,52,16,78" hai2="107,27,32,112,9,31,113,83,68,10,48,39,130" hai3="29,125,135,58,101,13,116,129,60,104,38,65,86"/><V87/><F39/><W57/><G116/><T41/><D109/><U82/><E117/><V131/><F68/><W56/><G125/><T55/><D115/><N who="2" m="44106" /><F107/><W62/><G129/><N who="2" m="49161" /><F48/><W126/><G135/><T110/><D110/><U98/><E2/><V59/><F59/><W111/><G126/><T0/><D127/><U6/><E98/><V40/><F40/><N who="0" m="15466" /><D0/><U106/><E106/><V30/><F30/><W103/><G38/><T71/><D73/><U24/><E43/><V133/><F133/><W61/><G29/><T108/><D108/><U118/><E118/><V105/><F105/><W76/><G111/><T17/><D71/><U54/><E51/><V69/><F69/><W18/><G65/><N who="0" m="25195" /><D50/><U63/><E63/><V77/><AGARI ba="0,0" hai="9,10,27,31,32,77,83,87" m="49161,44106" machi="77" ten="30,1500,0" yaku="19,1" doraHai="36" who="2" fromWho="2" sc="413,-5,198,-5,172,15,217,-5" /><INIT seed="2,1,0,0,2,83" ten="408,193,187,212" oya="2" hai0="36,5,110,68,23,27,45,69,127,105,37,18,1" hai1="77,133,2,85,103,100,104,128,82,6,44,92,72" hai2="49,84,42,112,121,12,81,39,28,106,99,96,50" hai3="95,34,61,75,13,35,79,117,74,125,19,116,115"/><V101/><F121/><W22/><G125/><T67/><D110/><U47/><E2/><V24/><F112/><W65/><G115/><T17/><D105/><U8/><E128/><V91/><F12/><W97/><G35/><T25/><D127/><U122/><E122/><V33/><REACH who="2" step="1"/><F96/><REACH who="2" ten="408,193,177,212" step="2"/><W98/><G97/><T14/><D14/><U71/><E133/><V20/><F20/><W31/><G34/><T0/><D23/><U109/><E109/><V15/><F15/><W57/><G31/><T86/><D0/><U52/><E8/><V66/><F66/><W11/><G22/><T119/><D67/><U63/><E6/><V7/><F7/><W94/><G116/><T54/><D1/><U126/><E126/><V87/><F87/><W134/><G117/><T30/><D86/><U16/><E85/><V129/><F129/><W135/><G134/><T40/><D5/><U114/><E114/><V102/><F102/><W124/><G135/><T55/><D30/><U89/><E103/><V80/><F80/><W113/><G124/><T46/><D119/><U62/><E100/><V58/><F58/><W76/><G113/><T32/><D32/><U26/><E16/><V53/><F53/><W78/><REACH who="3" step="1"/><G98/><REACH who="3" ten="408,193,177,202" step="2"/><T107/><D18/><U118/><E118/><V73/><F73/><AGARI ba="1,2" hai="11,13,19,57,61,65,73,74,75,76,78,79,94,95" machi="73" ten="40,2600,0" yaku="1,1,2,1,53,0" doraHai="83" doraHaiUra="51" who="3" fromWho="2" sc="408,0,193,0,177,-29,202,49" /><INIT seed="3,0,0,3,2,111" ten="408,193,148,251" oya="3" hai0="93,113,27,25,124,46,123,5,18,36,107,10,135" hai1="40,110,13,66,106,2,68,81,102,92,33,84,129" hai2="71,112,43,128,85,94,6,34,57,132,96,53,105" hai3="48,54,51,7,78,70,104,28,62,120,86,11,23"/><W114/><G120/><T35/><D113/><U99/><E2/><V29/><F128/><W20/><G104/><T64/><D107/><U89/><E110/><V101/><F132/><W21/><G114/><T115/><D64/><U22/><E33/><V109/><F109/><W133/><G133/><T100/><D46/><U67/><E129/><V87/><F43/><W69/><G28/><T19/><D10/><U44/><E68/><V80/><F6/><W65/><G70/><T131/><D124/><U95/><E22/><V1/><F1/><W59/><G51/><T125/><D115/><U63/><E13/><V134/><F134/><W4/><REACH who="3" step="1"/><G11/><REACH who="3" ten="408,193,148,241" step="2"/><T30/><D30/><U76/><E63/><V119/><F112/><W60/><G60/><T103/><D123/><U98/><REACH who="1" step="1"/><E106/><REACH who="1" ten="408,183,148,241" step="2"/><V91/><F71/><W116/><G116/><T126/><D135/><U26/><E26/><V61/><F119/><W117/><G117/><T90/><D27/><U12/><E12/><V58/><F61/><W17/><G17/><T3/><D19/><U39/><AGARI ba="0,2" hai="39,40,44,66,67,76,81,84,89,92,95,98,99,102" machi="39" ten="20,2700,0" yaku="1,1,0,1,7,1,53,0" doraHai="111" doraHaiUra="49" who="1" fromWho="1" sc="408,-7,183,47,148,-7,241,-13" /><INIT seed="4,0,0,0,2,49" ten="401,230,141,228" oya="0" hai0="74,89,88,118,99,122,23,26,106,53,16,95,52" hai1="25,21,28,116,77,70,6,11,12,9,58,134,15" hai2="115,120,37,90,104,87,128,42,39,110,20,45,80" hai3="105,1,22,131,46,7,109,67,50,54,27,84,61"/><T44/><D118/><U2/><E70/><V8/><F110/><W83/><G131/><T30/><D106/><U96/><E116/><V64/><F120/><W43/><G105/><T13/><D74/><U72/><E134/><V24/><F115/><W111/><G7/><T129/><D122/><U55/><E77/><V59/><F128/><W91/><G1/><T113/><D113/><U127/><E72/><V62/><F8/><W117/><G117/><T56/><D129/><U103/><E11/><V29/><REACH who="2" step="1"/><F104/><REACH who="2" ten="401,230,131,228" step="2"/><W36/><G111/><T135/><D135/><U66/><E127/><V78/><F78/><W40/><G109/><T38/><D38/><AGARI ba="0,1" hai="20,24,29,37,38,39,42,45,59,62,64,80,87,90" machi="38" ten="30,3900,0" yaku="1,1,7,1,53,1" doraHai="49" doraHaiUra="76" who="2" fromWho="0" sc="401,-39,230,0,131,49,228,0" /><INIT seed="5,0,0,5,1,63" ten="362,230,180,228" oya="1" hai0="102,90,52,107,38,31,89,130,67,86,13,93,10" hai1="119,116,23,135,129,32,8,20,97,53,134,65,27" hai2="41,127,40,66,26,57,99,33,100,36,80,61,126" hai3="49,54,78,101,84,17,14,28,5,22,58,11,103"/><U96/><E53/><V24/><F80/><W120/><G120/><T104/><D38/><U128/><E32/><V109/><F109/><W25/><G78/><T81/><D130/><N who="1" m="50283" /><E8/><V29/><F26/><W50/><G84/><T1/><D1/><U51/><E51/><V124/><REACH who="2" step="1"/><F36/><REACH who="2" ten="362,230,170,228" step="2"/><W3/><REACH who="3" step="1"/><G50/><REACH who="3" ten="362,230,170,218" step="2"/><T125/><D81/><U15/><E116/><V79/><F79/><W62/><G62/><T117/><D117/><U64/><E119/><V123/><F123/><W19/><G19/><T47/><D31/><N who="1" m="17895" /><E135/><V4/><F4/><W9/><AGARI ba="0,2" hai="3,5,9,11,14,17,22,25,28,49,54,58,101,103" machi="9" ten="20,5200,0" yaku="1,1,0,1,7,1,53,1" doraHai="63" doraHaiUra="0" who="3" fromWho="3" sc="362,-13,230,-26,170,-13,218,72" /><INIT seed="6,0,0,0,3,30" ten="349,204,157,290" oya="2" hai0="8,84,9,20,85,106,42,48,4,75,107,122,23" hai1="12,27,39,78,119,17,55,25,112,32,28,18,31" hai2="5,135,73,71,49,65,128,50,41,46,56,124,63" hai3="35,130,115,127,77,6,116,40,80,2,36,111,76"/><V89/><F73/><W134/><RYUUKYOKU type="yao9" ba="0,0" sc="349,0,204,0,157,0,290,0" hai3="2,6,35,36,40,76,77,80,111,115,116,127,130,134" /><INIT seed="6,1,0,4,0,106" ten="349,204,157,290" oya="2" hai0="122,58,119,111,92,17,5,86,95,110,76,127,85" hai1="47,121,16,57,98,65,97,124,73,131,24,68,10" hai2="7,113,116,52,128,9,72,82,46,118,38,94,66" hai3="100,21,13,107,69,108,2,1,126,81,102,33,93"/><V49/><F113/><W101/><G107/><T32/><D32/><U112/><E112/><V63/><F128/><W96/><G33/><T67/><D122/><U125/><E131/><V80/><F38/><W55/><G108/><T22/><D5/><U44/><E68/><V78/><F94/><W20/><G126/><N who="1" m="48746" /><E121/><V42/><F82/><W70/><G55/><T71/><D58/><U54/><E73/><V36/><F49/><W103/><G81/><T6/><D17/><U134/><E65/><V15/><REACH who="2" step="1"/><F52/><REACH who="2" ten="349,204,147,290" step="2"/><W74/><G93/><T60/><D95/><U132/><E132/><V84/><F84/><W41/><G41/><T117/><D92/><U31/><E134/><V89/><F89/><W61/><G96/><T23/><D86/><U50/><E97/><V0/><F0/><W14/><G101/><T123/><D85/><U130/><E98/><V99/><F99/><W39/><G103/><T43/><D127/><U105/><E130/><V56/><AGARI ba="1,1" hai="7,9,15,36,42,46,56,63,66,72,78,80,116,118" machi="56" ten="20,7800,0" yaku="1,1,0,1,7,1,52,1,53,0" doraHai="106" doraHaiUra="87" who="2" fromWho="2" sc="349,-27,204,-27,147,91,290,-27" /><INIT seed="6,2,0,1,0,60" ten="322,177,238,263" oya="2" hai0="30,101,113,128,95,96,122,23,25,9,80,24,54" hai1="56,45,33,66,103,111,55,100,108,89,79,135,77" hai2="123,107,86,110,44,38,132,53,57,76,63,62,74" hai3="133,26,75,0,52,40,106,104,37,88,51,84,90"/><V78/><F123/><W116/><G116/><T64/><D122/><U120/><E120/><V65/><F74/><W109/><G75/><T129/><D113/><U1/><E135/><V112/><F107/><W134/><G109/><T130/><D64/><U94/><E33/><V69/><F112/><W49/><G0/><T47/><D9/><U32/><E32/><V18/><F132/><N who="3" m="50795" /><G37/><T124/><D124/><U41/><E1/><V21/><F110/><W36/><G36/><T126/><D126/><U48/><E108/><V10/><F10/><W15/><G15/><T46/><D80/><U20/><E111/><V119/><F119/><W125/><G125/><T43/><D43/><U8/><E20/><V3/><F86/><W42/><G26/><T14/><D14/><U127/><E127/><V72/><F72/><W12/><G12/><T27/><D47/><U61/><E8/><V7/><F7/><W70/><G70/><T50/><AGARI ba="2,0" hai="23,24,25,27,30,46,50,54,95,96,101,128,129,130" machi="50" ten="40,2700,0" yaku="0,1,19,1" doraHai="60" who="0" fromWho="0" sc="322,33,177,-9,238,-15,263,-9" /><INIT seed="7,0,0,1,1,135" ten="355,168,223,254" oya="3" hai0="47,33,105,120,8,10,27,57,122,9,44,84,71" hai1="29,75,45,80,41,107,70,88,46,126,31,6,95" hai2="13,128,124,21,58,108,18,40,96,85,20,4,26" hai3="91,93,129,121,111,131,83,37,99,79,25,116,1"/><W42/><G1/><T89/><D71/><U50/><E107/><V94/><F124/><W54/><G121/><T109/><D109/><U60/><E126/><V23/><F128/><N who="3" m="49227" /><G25/><T134/><D105/><U98/><E6/><V32/><F108/><W114/><G54/><T69/><D69/><U110/><E110/><V78/><F40/><W64/><G64/><T87/><D57/><U11/><E11/><N who="2" m="4327" /><F32/><W35/><G35/><T63/><D63/><U119/><E119/><V48/><F85/><N who="3" m="48383" /><G42/><T43/><D87/><U101/><E46/><V123/><F78/><W73/><G37/><T7/><D7/><U62/><E75/><V118/><F123/><W86/><G116/><T16/><D134/><U19/><E19/><V34/><F34/><W39/><G39/><T56/><D56/><U100/><E80/><V130/><F118/><W67/><G67/><T55/><D55/><U113/><E113/><V49/><F130/><W106/><G111/><T133/><D133/><U30/><E70/><V82/><F58/><W77/><G114/><T17/><D47/><U92/><E101/><N who="2" m="60567" /><F82/><N who="3" m="45359" /><G106/><T76/><D120/><U59/><REACH who="1" step="1"/><E59/><REACH who="1" ten="355,158,223,254" step="2"/><V24/><F18/><W2/><G2/><T68/><D122/><U14/><E14/><V117/><F117/><W3/><G3/><T125/><D17/><U104/><E104/><V74/><F74/><W132/><G132/><T65/><D16/><U52/><E52/><V22/><N who="2" m="5120" /><DORA hai="102" /><V127/><F127/><W12/><G12/><T5/><D125/><U103/><E103/><V90/><F48/><W0/><G0/><T15/><D15/><RYUUKYOKU ba="0,1" sc="355,-15,158,15,223,-15,254,15" hai1="29,30,31,41,45,50,60,62,88,92,95,98,100" hai3="86,91,93,99" /><INIT seed="7,1,1,1,0,44" ten="340,173,208,269" oya="3" hai0="52,114,70,60,97,47,0,83,111,61,113,102,79" hai1="45,128,118,13,104,9,94,38,12,120,121,29,134" hai2="18,28,49,5,124,109,43,66,56,98,23,6,68" hai3="74,17,100,110,129,67,19,65,30,95,54,42,24"/><W123/><G74/><T27/><D0/><U2/><E104/><V85/><F109/><W36/><G123/><N who="1" m="47178" /><E38/><V7/><F124/><W8/><G129/><T16/><D111/><U63/><E45/><N who="2" m="25791" /><F68/><W82/><G42/><T107/><D70/><U92/><E63/><N who="2" m="38247" /><F98/><N who="3" m="59487" /><G36/><T127/><D16/><N who="3" m="6217" /><G8/><T90/><D27/><U135/><E128/><V71/><F71/><W116/><G116/><T93/><D127/><U108/><E108/><V48/><F28/><W59/><G82/><T96/><D113/><U26/><E118/><V73/><F73/><W4/><G4/><T91/><D114/><U21/><E92/><V64/><F64/><W31/><G31/><T39/><D39/><U10/><E94/><V32/><F32/><W41/><G41/><T105/><D105/><U22/><E22/><V87/><F85/><W78/><G78/><T122/><D79/><U76/><E76/><V35/><F35/><W115/><G115/><T88/><D107/><U37/><E37/><V130/><F87/><W20/><G110/><T75/><D75/><U57/><E57/><V112/><F112/><W3/><G3/><T1/><D1/><U77/><E77/><V99/><F130/><W103/><G103/><T51/><D122/><U84/><E84/><V14/><F99/><W46/><G46/><T125/><D97/><U133/><E10/><V117/><F117/><W101/><G101/><T25/><D83/><U40/><E40/><V132/><F132/><W11/><G11/><T126/><D126/><U119/><E119/><V55/><F55/><W50/><AGARI ba="1,1" hai="20,24,30,50,54,59,65,67" m="6217,59487" machi="50" ten="30,6000,0" yaku="8,1,52,1,54,1" doraHai="44" who="3" fromWho="3" sc="340,-21,173,-21,208,-21,269,73" owari="319,12.0,152,-35.0,187,-21.0,342,44.0" /></mjloggm>