<mjloggm ver="2.3"><GO type="169" lobby="0"/><UN n0="%E3%83%AB%E3%82%A2%E3%82%B4%E3%82%A4%E3%83%95" n1="%6B%6F%62%6F%7A%32" n2="%E7%88%86%E7%89%8C%E3%82%A6%E3%82%B7%E3%82%B8%E3%83%9E%E3%81%8F%E3%82%93" n3="%E8%B5%A4%E5%9D%82%E3%83%86%E3%83%B3%E3%83%91%E3%82%A4" dan="16,17,16,16" rate="2107.52,2226.80,2112.46,2079.30" sx="M,M,M,M"/><TAIKYOKU oya="0"/><INIT seed="0,0,0,3,1,25" ten="250,250,250,250" oya="0" hai0="65,105,37,10,66,20,2,124,93,78,110,67,51" hai1="1,96,5,127,23,30,79,106,27,73,104,83,58" hai2="48,16,95,98,31,43,52,7,118,40,77,35,22" hai3="102,135,28,82,34,116,62,44,42,128,38,94,53"/><T111/><D105/><U121/><E121/><V8/><F118/><W63/><G116/><T0/><D78/><U56/><E127/><V117/><F117/><W57/><G135/><T12/><D37/><U50/><E106/><V92/><F77/><W120/><G128/><T46/><D124/><U112/><E112/><V88/><F92/><W14/><G82/><T70/><D70/><U129/><E129/><V54/><F35/><W33/><G120/><T91/><D20/><U4/><E1/><V123/><F31/><W47/><G44/><T114/><D114/><U90/><E90/><V39/><F39/><W9/><G34/><T64/><D64/><U126/><E126/><V86/><F98/><W60/><G94/><T100/><D100/><U17/><E17/><V15/><F123/><W81/><G81/><T101/><D101/><U97/><E97/><V69/><F69/><W108/><G108/><N who="0" m="41515" /><D93/><U59/><REACH who="1" step="1"/><E50/><REACH who="1" ten="250,240,250,250" step="2"/><V72/><F72/><W36/><G38/><T55/><D91/><U24/><E24/><N who="2" m="14407" /><F54/><W109/><G109/><T87/><D87/><U49/><E49/><V80/><F95/><W11/><G102/><AGARI ba="0,1" hai="4,5,23,27,30,56,58,59,73,79,83,96,102,104" machi="102" ten="40,5200,0" yaku="1,1,52,1,53,1" doraHai="25" doraHaiUra="76" who="1" fromWho="3" sc="250,0,240,62,250,0,250,-52" /><INIT seed="1,0,0,0,3,61" ten="250,302,250,198" oya="1" hai0="32,56,75,118,10,111,132,104,86,41,91,128,57" hai1="106,63,60,36,134,1,62,44,97,25,109,23,126" hai2="116,125,5,37,47,27,85,48,6,105,96,127,119" hai3="51,71,7,59,98,54,58,70,18,103,130,133,74"/><U99/><E1/><V11/><F37/><W131/><G74/><T46/><D118/><U30/><E109/><V108/><F108/><W49/><G7/><T101/><D111/><U79/><E134/><V124/><F27/><W114/><G114/><T89/><D132/><U39/><E126/><V26/><F26/><W66/><G133/><T135/><D135/><U76/><E106/><V14/><F85/><W93/><G18/><T88/><D75/><U67/><E39/><V94/><F6/><W3/><G3/><T42/><D32/><U35/><E35/><V15/><F15/><W52/><REACH who="3" step="1"/><G66/><REACH who="3" ten="250,302,250,188" step="2"/><T87/><D128/><AGARI ba="0,1" hai="49,51,52,54,58,59,70,71,93,98,103,128,130,131" machi="128" ten="40,8000,1" yaku="1,1,2,1,9,1,19,1,54,1,53,0" doraHai="61" doraHaiUra="82" who="3" fromWho="0" sc="250,-80,302,0,250,0,188,90" /><INIT seed="2,0,0,3,5,90" ten="170,302,250,278" oya="2" hai0="122,0,45,68,98,59,104,84,13,39,48,6,89" hai1="28,95,52,80,79,58,127,26,93,100,10,34,78" hai2="67,8,135,62,82,72,41,70,47,108,65,29,69" hai3="88,12,130,53,23,116,129,15,102,133,118,56,64"/><V86/><F135/><W4/><G102/><T55/><D122/><U44/><E100/><V76/><F108/><W42/><G133/><T46/><D0/><U43/><E10/><V73/><F29/><W92/><G64/><T107/><D68/><U121/><E127/><V114/><F114/><W134/><G42/><T103/><D107/><U24/><E24/><V91/><F76/><W21/><G134/><T32/><D32/><U66/><E66/><V9/><F9/><N who="3" m="4135" /><G118/><T77/><D77/><U35/><E79/><V50/><REACH who="2" step="1"/><F8/><REACH who="2" ten="170,302,240,278" step="2"/><W99/><G116/><T11/><REACH who="0" step="1"/><D39/><REACH who="0" ten="160,302,240,278" step="2"/><U132/><E132/><V14/><F14/><W71/><G15/><T101/><D101/><U97/><E121/><V33/><F33/><W36/><G36/><T81/><AGARI ba="0,2" hai="6,11,13,45,46,48,55,59,81,84,89,98,103,104" machi="81" ten="20,5200,0" yaku="1,1,0,1,7,1,53,1" doraHai="90" doraHaiUra="83" who="0" fromWho="0" sc="160,72,302,-13,240,-26,278,-13" /><INIT seed="3,0,0,3,3,32" ten="232,289,214,265" oya="3" hai0="12,7,38,119,79,104,82,74,83,72,107,59,98" hai1="130,120,16,25,31,61,101,111,87,115,122,116,19" hai2="73,46,108,30,86,51,90,63,43,77,55,0,52" hai3="17,118,56,70,125,106,6,68,29,132,124,23,133"/><W45/><G106/><N who="0" m="40491" /><D59/><U121/><E115/><V58/><F108/><W80/><G29/><T113/><D12/><U64/><E101/><V22/><F0/><W10/><G118/><T44/><D119/><U105/><E105/><V27/><F73/><W54/><G45/><T75/><D7/><U48/><E130/><V91/><F77/><W134/><G80/><N who="0" m="30763" /><D44/><U1/><E87/><V109/><F109/><W60/><G23/><T71/><D71/><N who="3" m="27177" /><G17/><T110/><D110/><U69/><E111/><V127/><F127/><W33/><G33/><T49/><D49/><U65/><E65/><V100/><F100/><W126/><G6/><T114/><D38/><U14/><E1/><V2/><F2/><W41/><G10/><T96/><D79/><U103/><E116/><V42/><REACH who="2" step="1"/><F91/><REACH who="2" ten="232,289,204,265" step="2"/><W78/><G78/><T84/><D84/><U117/><E117/><V99/><F99/><AGARI ba="0,1" hai="72,74,75,96,98,99,113,114" m="30763,40491" machi="99" ten="40,8000,1" yaku="28,2,34,2" doraHai="32" who="0" fromWho="2" sc="232,90,289,0,204,-80,265,0" /><INIT seed="4,0,0,3,5,69" ten="322,289,124,265" oya="0" hai0="81,29,34,80,45,72,86,2,60,103,44,90,128" hai1="28,43,78,49,135,130,46,54,40,58,16,38,119" hai2="116,63,101,30,100,71,31,22,61,106,131,66,104" hai3="6,117,32,85,102,36,92,95,23,26,11,129,27"/><T62/><D128/><U4/><E119/><V10/><F10/><W41/><G117/><T42/><D2/><U1/><E43/><V50/><F116/><W15/><G129/><T12/><D103/><U59/><E28/><V133/><F131/><W122/><G122/><T110/><D45/><U39/><E59/><V25/><F133/><W99/><G32/><T94/><D110/><U5/><E135/><V87/><F50/><W51/><G36/><T64/><D12/><U8/><E5/><V0/><F0/><W75/><G75/><T98/><D72/><U53/><E53/><V9/><F9/><W65/><G65/><T97/><D34/><U3/><E3/><V19/><F87/><W48/><G41/><T17/><D29/><U105/><E105/><V24/><F19/><N who="3" m="12671" /><G27/><T84/><D17/><U76/><E39/><V107/><REACH who="2" step="1"/><F63/><REACH who="2" ten="322,289,114,265" step="2"/><W77/><G51/><T52/><D60/><U68/><E130/><V125/><F125/><W113/><G48/><N who="0" m="28679" /><D84/><U114/><E16/><V21/><AGARI ba="0,1" hai="21,22,24,25,30,31,61,66,71,100,101,104,106,107" machi="21" ten="30,4000,0" yaku="1,1,0,1,9,1,53,0" doraHai="69" doraHaiUra="55" who="2" fromWho="2" sc="322,-20,289,-10,114,50,265,-10" /><INIT seed="5,0,0,2,3,58" ten="302,279,164,255" oya="1" hai0="57,90,131,107,133,99,4,17,113,120,24,81,118" hai1="3,73,71,0,44,106,21,98,89,55,33,102,45" hai2="46,85,76,16,104,135,86,13,96,65,77,31,127" hai3="49,101,116,132,117,92,47,67,105,123,38,12,74"/><U130/><E33/><V63/><F135/><W95/><G74/><T5/><D57/><U79/><E71/><V36/><F127/><W82/><G38/><T52/><D24/><U56/><E130/><V14/><F31/><W111/><G111/><T124/><D17/><U129/><E129/><V2/><F2/><W80/><G132/><T115/><D131/><U15/><E79/><V68/><F14/><W20/><G123/><T8/><D120/><U40/><E73/><V26/><F26/><W72/><G105/><T91/><D133/><U70/><E70/><V25/><F25/><W61/><G92/><T78/><D8/><U110/><E89/><V35/><F35/><W128/><G128/><T41/><D41/><U62/><E44/><V121/><F121/><W100/><G100/><T34/><D34/><U7/><E110/><V64/><F64/><W134/><G134/><T94/><D78/><U60/><E60/><V32/><F32/><W29/><G72/><T87/><D118/><U43/><E43/><V59/><F68/><W10/><G117/><T112/><D124/><U114/><E114/><V27/><F27/><N who="3" m="16615" /><G116/><T125/><D125/><U66/><E66/><V22/><F77/><W50/><G50/><T30/><D113/><U53/><E53/><V6/><F76/><W84/><G49/><T108/><D108/><U37/><E7/><V83/><F6/><N who="3" m="3159" /><G47/><T19/><D115/><U23/><REACH who="1" step="1"/><E15/><REACH who="1" ten="302,269,164,255" step="2"/><V1/><F46/><W11/><G67/><T75/><D75/><U122/><E122/><V28/><F65/><W119/><G119/><T9/><D112/><RYUUKYOKU ba="0,1" sc="302,-10,269,30,164,-10,255,-10" hai1="0,3,21,23,37,40,45,55,56,62,98,102,106" /><INIT seed="5,1,1,1,2,47" ten="292,299,154,245" oya="1" hai0="17,120,52,7,83,101,74,24,122,90,40,29,108" hai1="55,53,28,42,5,14,84,95,39,66,30,56,118" hai2="129,57,103,113,77,132,94,51,79,88,126,41,63" hai3="18,134,19,104,12,97,119,50,86,4,71,27,100"/><U128/><E118/><V25/><F126/><W87/><G71/><T85/><D108/><U21/><E39/><V11/><F129/><W112/><G119/><T8/><D40/><U130/><E42/><V111/><F111/><W35/><G50/><T38/><D38/><U114/><E66/><V20/><F132/><W107/><G107/><T1/><D101/><U82/><E95/><V124/><F103/><W58/><G58/><T2/><D2/><U73/><E73/><V3/><F11/><W62/><G62/><T81/><D17/><N who="1" m="10423" /><E55/><N who="2" m="34239" /><F3/><W16/><G134/><T121/><D74/><U117/><E114/><V26/><F124/><W91/><G112/><T115/><D115/><U31/><E117/><V6/><F6/><W44/><G35/><N who="0" m="20903" /><D81/><U36/><E5/><V110/><F110/><W60/><G4/><T46/><D46/><U45/><E45/><N who="2" m="26031" /><F113/><W61/><G104/><T80/><D83/><U9/><E9/><V109/><F109/><W67/><G44/><T0/><D0/><U93/><E36/><V125/><F125/><W135/><G135/><T32/><D32/><U33/><E33/><V133/><F133/><W70/><G70/><T78/><D78/><N who="2" m="29706" /><F20/><W22/><G67/><T92/><D80/><U15/><E82/><V64/><F64/><W72/><G72/><T49/><D121/><U75/><E75/><V98/><AGARI ba="1,1" hai="25,26,88,94,98" m="29706,26031,34239" machi="98" ten="30,4000,0" yaku="8,1,52,1,54,1" doraHai="47" who="2" fromWho="2" sc="292,-11,299,-21,154,53,245,-11" /><INIT seed="6,0,0,4,1,15" ten="281,278,207,234" oya="2" hai0="128,38,85,110,104,99,135,28,75,19,107,80,114" hai1="20,131,65,76,59,14,54,35,40,82,91,7,79" hai2="62,53,117,123,39,109,129,30,127,66,8,24,44" hai3="88,78,50,93,111,9,41,126,29,81,17,96,87"/><V49/><F117/><W55/><G111/><T118/><D38/><U95/><E35/><V2/><F123/><W70/><G70/><T11/><D110/><U72/><E79/><V48/><F109/><W27/><G126/><T43/><D43/><U83/><E83/><V26/><F127/><W134/><G134/><T124/><D124/><U101/><E101/><V45/><F129/><W23/><G41/><T46/><D46/><U16/><E131/><V5/><F39/><W3/><G3/><T18/><D28/><U60/><E40/><V52/><REACH who="2" step="1"/><F30/><REACH who="2" ten="281,278,197,234" step="2"/><W32/><G29/><T97/><D128/><U10/><E65/><V0/><F0/><W31/><G31/><T42/><D118/><U51/><E60/><V115/><F115/><W90/><G32/><T21/><D114/><U121/><E121/><V105/><F105/><W92/><G9/><T132/><D11/><U4/><E10/><V36/><F36/><W120/><G120/><T103/><D107/><U47/><E47/><V34/><F34/><W1/><G1/><T37/><D104/><U108/><E108/><V98/><F98/><AGARI ba="0,1" hai="4,7,14,16,20,51,54,59,72,76,82,91,95,98" machi="98" ten="30,3900,0" yaku="7,1,52,1,54,1" doraHai="15" who="1" fromWho="2" sc="281,0,278,49,197,-39,234,0" /><INIT seed="7,0,0,0,1,55" ten="281,327,158,234" oya="3" hai0="64,113,2,111,115,3,69,15,46,128,97,9,59" hai1="34,23,39,110,126,78,100,131,62,51,17,98,86" hai2="12,13,68,89,27,35,28,103,19,14,72,1,38" hai3="61,65,43,121,45,92,134,105,21,93,79,101,37"/><W135/><G121/><T76/><D111/><U22/><E110/><V16/><F38/><W31/><G79/><T18/><D128/><U132/><E34/><V80/><F68/><W20/><G105/><T56/><D76/><U30/><E39/><V75/><F103/><W50/><G37/><T133/><D133/><N who="3" m="50697" /><G101/><T63/><D46/><U26/><E126/><V87/><F1/><W112/><G112/><N who="0" m="43083" /><D97/><U8/><E8/><V24/><REACH who="2" step="1"/><F24/><REACH who="2" ten="281,327,148,234" step="2"/><N who="3" m="16775" /><G21/><N who="0" m="11487" /><D2/><U42/><E23/><V123/><F123/><W91/><G91/><T127/><D127/><U104/><E22/><V83/><F83/><W74/><G74/><AGARI ba="0,1" hai="12,13,14,16,19,27,28,35,72,74,75,80,87,89" machi="74" ten="40,5200,0" yaku="1,1,54,1,53,1" doraHai="55" doraHaiUra="81" who="2" fromWho="3" sc="281,0,327,0,148,62,234,-52" owari="281,8.0,327,43.0,210,-19.0,182,-32.0" /></mjloggm>