<mjloggm ver="2.3"><GO type="169" lobby="0"/><UN n0="%E3%83%8F%E3%83%9E%E3%83%BC" n1="%43%E3%82%A8%E3%83%BC%E3%82%B8%E3%82%A7%E3%83%B3%E3%83%88" n2="%E3%81%88%E3%81%84%E3%81%8D%E3%81%A1%40%35%6D%66" n3="%4E%65%6D%6F" dan="16,16,18,16" rate="2184.72,2074.53,2201.22,2087.45" sx="M,M,M,M"/><TAIKYOKU oya="0"/><INIT seed="0,0,0,1,5,23" ten="250,250,250,250" oya="0" hai0="40,10,28,116,53,52,79,35,91,106,77,84,105" hai1="61,66,14,120,74,19,82,118,44,62,94,75,15" hai2="34,83,2,124,80,110,51,58,47,115,54,32,78" hai3="123,31,60,46,41,16,13,104,96,3,117,49,9"/><T4/><D116/><U59/><E118/><V109/><F115/><W37/><G117/><T68/><D68/><U29/><E120/><V108/><F124/><W88/><G123/><T65/><D65/><U38/><E82/><V5/><F83/><W135/><G135/><T76/><D40/><U36/><E94/><V131/><F131/><W1/><G31/><T30/><D105/><U20/><E62/><V103/><F103/><W90/><G60/><T42/><D42/><U17/><E29/><V100/><F100/><W112/><G112/><T8/><D8/><U107/><E107/><V56/><F5/><W119/><G119/><T101/><D101/><U85/><E85/><V87/><REACH who="2" step="1"/><F2/><REACH who="2" ten="250,250,240,250" step="2"/><W71/><G3/><T70/><D106/><U134/><E134/><V92/><F92/><W102/><G1/><T125/><D125/><U26/><E75/><V69/><F69/><W129/><G129/><T12/><D70/><U43/><E74/><V99/><F99/><W126/><G126/><T81/><REACH who="0" step="1"/><D30/><REACH who="0" ten="240,250,240,250" step="2"/><U57/><E38/><V128/><F128/><W7/><G71/><T97/><D97/><U121/><E121/><V64/><F64/><W18/><G104/><T127/><D127/><U63/><REACH who="1" step="1"/><E19/><REACH who="1" ten="240,240,240,250" step="2"/><V27/><F27/><AGARI ba="0,3" hai="4,10,12,27,28,35,52,53,76,77,79,81,84,91" machi="27" ten="40,7700,0" yaku="1,1,52,1,54,1,53,0" doraHai="23" doraHaiUra="133" who="0" fromWho="2" sc="240,107,240,0,240,-77,250,0" /><INIT seed="0,1,0,0,0,100" ten="347,240,163,250" oya="0" hai0="133,76,48,32,126,16,125,50,123,127,74,45,12" hai1="113,90,67,54,47,120,28,71,98,5,65,77,69" hai2="64,96,25,112,110,7,131,82,43,89,41,114,57" hai3="117,0,104,72,103,108,6,22,18,14,58,79,20"/><T31/><D123/><U3/><E120/><V33/><F110/><W39/><G108/><T44/><D133/><U107/><E28/><V51/><F131/><W61/><G117/><T111/><D111/><U118/><E118/><V40/><F7/><W37/><G22/><T10/><D74/><U115/><E77/><V70/><F70/><W132/><G132/><T75/><D75/><U59/><E5/><V66/><F51/><N who="0" m="19498" /><D76/><U24/><E24/><AGARI ba="1,0" hai="10,12,16,24,31,32,44,45,125,126,127" m="19498" machi="24" ten="40,3900,0" yaku="18,1,54,1" doraHai="100" who="0" fromWho="1" sc="347,42,240,-42,163,0,250,0" /><INIT seed="0,2,0,4,2,109" ten="389,198,163,250" oya="0" hai0="15,12,34,51,62,81,9,105,24,75,88,104,44" hai1="40,13,134,72,45,90,135,94,126,31,65,5,18" hai2="128,115,83,25,129,89,0,57,61,17,29,125,42" hai3="43,33,46,8,100,107,50,121,10,2,48,70,49"/><T118/><D118/><U22/><E72/><V67/><F125/><W11/><G121/><T23/><D34/><U106/><E106/><V87/><F0/><W98/><G70/><T91/><D15/><U99/><E126/><V16/><F42/><W119/><G33/><T78/><D62/><U101/><E65/><V96/><F96/><W66/><G66/><T1/><D1/><U71/><E71/><V47/><F47/><W54/><G119/><T74/><D74/><U123/><E123/><V56/><F56/><W30/><G30/><T59/><D59/><U116/><E116/><V37/><F37/><W69/><G69/><T114/><D114/><U113/><E113/><V68/><F68/><W60/><G60/><T79/><D79/><U132/><E31/><V110/><F110/><W77/><G77/><T85/><D75/><U39/><REACH who="1" step="1"/><E5/><REACH who="1" ten="389,188,163,250" step="2"/><V41/><F115/><W3/><REACH who="3" step="1"/><G48/><REACH who="3" ten="389,188,163,240" step="2"/><T64/><D64/><U111/><E111/><V120/><F120/><W103/><G103/><AGARI ba="2,2" hai="13,18,22,39,40,45,90,94,99,101,103,132,134,135" machi="103" ten="40,2600,0" yaku="1,1,20,1,53,0" doraHai="109" doraHaiUra="112" who="1" fromWho="3" sc="389,0,188,52,163,0,240,-32" /><INIT seed="1,0,0,2,5,120" ten="389,240,163,208" oya="1" hai0="50,84,47,85,115,35,22,131,38,46,116,126,87" hai1="52,125,132,1,48,90,80,113,101,68,20,10,107" hai2="111,55,95,58,65,34,105,23,15,7,76,64,75" hai3="98,118,99,11,4,66,93,40,72,18,79,17,88"/><U127/><E113/><V19/><F105/><W78/><G118/><T123/><D115/><U54/><E68/><V114/><F114/><W29/><G29/><T67/><D35/><U74/><E132/><V92/><F34/><W42/><G66/><T0/><D0/><U59/><E20/><V51/><F75/><W73/><G4/><T21/><D126/><U112/><E112/><V8/><F76/><W31/><G31/><T89/><D131/><U129/><E129/><V110/><F65/><W43/><G11/><T103/><D103/><U104/><E54/><V63/><F95/><W106/><G106/><T130/><D123/><U108/><E101/><V44/><REACH who="2" step="1"/><F92/><REACH who="2" ten="389,240,153,208" step="2"/><W24/><G99/><T70/><D67/><U94/><E74/><V61/><F61/><W77/><G73/><T128/><D128/><U117/><E117/><V12/><AGARI ba="0,1" hai="7,8,12,15,19,23,44,51,55,58,63,64,110,111" machi="12" ten="30,7900,0" yaku="1,1,0,1,52,2,53,0" doraHai="120" doraHaiUra="134" who="2" fromWho="2" sc="389,-20,240,-39,153,89,208,-20" /><INIT seed="2,0,0,1,1,105" ten="369,201,242,188" oya="2" hai0="96,63,69,85,123,131,33,0,124,37,8,71,109" hai1="130,110,20,47,119,52,53,126,93,13,49,48,64" hai2="23,50,75,120,56,133,72,98,32,2,65,108,29" hai3="135,134,24,58,21,7,97,74,92,54,45,106,28"/><V76/><F120/><W90/><G106/><T94/><D123/><U15/><E110/><V39/><F39/><W51/><G7/><T78/><D33/><U88/><E130/><V95/><F2/><W132/><REACH who="3" step="1"/><G74/><REACH who="3" ten="369,201,242,178" step="2"/><T12/><D109/><U79/><E119/><V121/><F121/><W82/><G82/><T26/><D131/><U34/><E126/><V66/><F108/><W73/><G73/><T57/><D124/><U112/><E112/><V103/><F75/><W91/><G91/><T125/><D125/><U104/><E104/><V111/><F111/><W113/><G113/><T11/><D78/><U27/><E79/><V4/><F4/><W9/><G9/><T117/><D11/><U31/><E34/><V114/><F32/><W17/><G17/><T89/><D89/><U19/><E19/><V18/><F114/><W129/><G129/><T100/><D8/><U62/><E88/><V38/><F76/><W87/><G87/><T36/><D85/><U55/><E93/><V67/><F72/><W115/><G115/><T22/><D94/><U107/><E107/><V6/><F6/><W84/><G84/><T42/><D117/><U128/><E128/><V25/><F18/><W102/><G102/><T127/><D127/><U99/><E99/><V81/><F81/><W40/><G40/><T3/><D96/><U101/><E101/><V5/><F5/><W59/><AGARI ba="0,1" hai="21,24,28,45,51,54,58,59,90,92,97,132,134,135" machi="59" ten="40,8000,1" yaku="1,1,0,1,20,1,53,1" doraHai="105" doraHaiUra="46" who="3" fromWho="3" sc="369,-20,201,-20,242,-40,178,90" /><INIT seed="3,0,0,3,5,110" ten="349,181,202,268" oya="3" hai0="57,82,135,45,132,32,114,94,120,35,54,95,13" hai1="83,81,24,126,74,4,105,76,121,68,118,44,20" hai2="17,97,1,3,99,37,56,72,93,106,7,123,75" hai3="25,129,5,66,2,11,108,131,102,103,107,41,84"/><W65/><G108/><T69/><D69/><U77/><E126/><V101/><F123/><W12/><G41/><T43/><D120/><U61/><E121/><V115/><F37/><W27/><G84/><T90/><D82/><U111/><E111/><V85/><F17/><W104/><G12/><T124/><D13/><U130/><E130/><V71/><F71/><W60/><G60/><N who="0" m="35895" /><D114/><U73/><E105/><V38/><F38/><W21/><G21/><T128/><D124/><U49/><E4/><V16/><F115/><W67/><G104/><T96/><D95/><U98/><E98/><V9/><F1/><W89/><G89/><T53/><D53/><U39/><E39/><V52/><F85/><W63/><G63/><T119/><D119/><U31/><E118/><V87/><F87/><W47/><G47/><T22/><D22/><U29/><E61/><V34/><F34/><W55/><G55/><T26/><D26/><N who="3" m="9737" /><G107/><T10/><D10/><U48/><E68/><V70/><F70/><W58/><G58/><T116/><D116/><U134/><E31/><V109/><F109/><W14/><G2/><T133/><D128/><AGARI ba="0,0" hai="5,11,14,65,66,67,102,103,128,129,131" m="9737" machi="128" ten="30,1500,0" yaku="19,1" doraHai="110" who="3" fromWho="0" sc="349,-15,181,0,202,0,268,15" /><INIT seed="3,1,0,5,0,119" ten="334,181,202,283" oya="3" hai0="84,120,126,8,66,91,20,22,111,7,56,78,27" hai1="36,85,79,13,132,12,43,57,42,93,40,25,31" hai2="70,35,98,86,52,16,83,106,110,60,90,21,54" hai3="68,9,19,44,2,107,115,49,11,104,123,97,29"/><W28/><G115/><T62/><D111/><U71/><E71/><V45/><F35/><W30/><G68/><T112/><D126/><U109/><E109/><V108/><F106/><W6/><G123/><T89/><D112/><U38/><E132/><V63/><F110/><W116/><G116/><T0/><D22/><U134/><E134/><V96/><F108/><W64/><G64/><T135/><D135/><U69/><E69/><V47/><F70/><W14/><REACH who="3" step="1"/><G97/><REACH who="3" ten="334,181,202,273" step="2"/><T77/><D120/><U131/><E131/><V127/><F98/><W100/><G100/><T58/><D58/><U87/><E57/><V39/><F96/><W51/><G51/><T4/><D56/><U17/><E38/><V33/><F39/><W113/><G113/><T23/><D66/><U26/><E36/><V10/><F127/><W53/><AGARI ba="1,1" hai="2,6,9,11,14,19,28,29,30,44,49,53,104,107" machi="53" ten="30,3000,0" yaku="1,1,0,1,53,0" doraHai="119" doraHaiUra="74" who="3" fromWho="3" sc="334,-11,181,-11,202,-11,273,43" /><INIT seed="3,2,0,4,3,60" ten="323,170,191,316" oya="3" hai0="34,78,56,31,21,92,40,109,82,64,85,33,69" hai1="110,55,62,133,80,126,26,42,73,127,128,74,35" hai2="129,131,19,32,2,93,61,118,134,24,113,101,3" hai3="53,48,115,99,5,41,75,76,46,84,87,108,105"/><W66/><G115/><T91/><D69/><U102/><E110/><V104/><F113/><W16/><G108/><T17/><D109/><U94/><E42/><V90/><F134/><W81/><G5/><T88/><D31/><U106/><E106/><V0/><F118/><W119/><G119/><T10/><D10/><U96/><E133/><V13/><F104/><W58/><G66/><T116/><D40/><U49/><E62/><V11/><F101/><W107/><G107/><T22/><D22/><U43/><E43/><V57/><F24/><W86/><G99/><T45/><D45/><U36/><E36/><V18/><F18/><W79/><G105/><T72/><D116/><U120/><E80/><V70/><F32/><W37/><REACH who="3" step="1"/><G16/><REACH who="3" ten="323,170,191,306" step="2"/><T83/><D64/><U65/><E65/><V89/><F19/><W121/><G121/><T77/><D91/><U27/><E120/><V54/><F89/><W12/><G12/><T100/><D100/><U9/><E9/><V123/><F13/><W15/><G15/><T47/><D88/><U67/><E67/><N who="2" m="41327" /><F11/><W23/><G23/><T103/><D21/><U114/><E114/><V97/><F123/><W6/><G6/><T29/><D17/><U117/><E117/><V95/><F97/><W112/><G112/><T111/><D111/><U122/><E122/><V39/><F90/><W130/><G130/><T1/><D33/><U51/><E128/><V4/><F4/><W52/><G52/><T8/><D34/><U59/><E35/><V30/><F131/><W14/><G14/><T20/><D20/><U132/><E96/><RYUUKYOKU ba="2,1" sc="323,-10,170,-10,191,-10,306,30" hai3="37,41,46,48,53,58,75,76,79,81,84,86,87" /><INIT seed="3,3,1,5,5,29" ten="313,160,181,336" oya="3" hai0="131,81,69,103,41,133,49,40,124,34,122,75,78" hai1="106,123,27,50,105,71,73,65,98,38,74,88,112" hai2="39,111,108,46,77,94,56,109,87,127,92,96,66" hai3="47,36,125,128,43,134,45,24,102,129,2,48,80"/><W130/><G134/><T52/><D122/><U70/><E112/><V3/><F3/><W54/><G2/><T55/><D69/><U21/><E38/><V83/><F127/><W114/><G102/><T115/><D34/><U13/><E13/><V99/><F66/><W12/><G114/><T116/><D116/><U107/><E50/><V32/><F56/><W85/><G12/><T135/><D115/><U31/><E123/><V76/><F32/><W6/><G6/><T86/><D131/><U17/><E17/><V30/><F30/><W20/><G125/><T25/><D25/><U61/><REACH who="1" step="1"/><E71/><REACH who="1" ten="313,150,181,336" step="2"/><V15/><F15/><W93/><G129/><T60/><D124/><U79/><E79/><N who="2" m="46591" /><F39/><W118/><G118/><T101/><D133/><U26/><E26/><V62/><F46/><W28/><REACH who="3" step="1"/><G93/><AGARI ba="3,2" hai="21,27,31,61,65,70,73,74,88,93,98,105,106,107" machi="93" ten="40,2600,0" yaku="1,1,54,1,53,0" doraHai="29" doraHaiUra="68" who="1" fromWho="3" sc="313,0,150,55,181,0,336,-35" /><INIT seed="4,0,0,0,5,30" ten="313,205,181,301" oya="0" hai0="95,39,23,20,111,37,117,86,127,115,57,108,104" hai1="71,116,15,75,93,49,42,10,65,91,94,31,133" hai2="80,46,38,135,129,47,110,82,126,121,32,4,25" hai3="114,107,73,13,5,9,124,123,34,81,109,6,105"/><T45/><D104/><U92/><E133/><V130/><F121/><W52/><G109/><N who="0" m="42059" /><D117/><U77/><E116/><V50/><F110/><W16/><G114/><T3/><D115/><U55/><E42/><N who="2" m="22871" /><F135/><W24/><G124/><T89/><D127/><U1/><E1/><V26/><F4/><W125/><G125/><T70/><D70/><U67/><E31/><N who="2" m="19567" /><F26/><W72/><G123/><T84/><D3/><U19/><E71/><V11/><F11/><W79/><G73/><T43/><D39/><U83/><REACH who="1" step="1"/><E91/><REACH who="1" ten="313,195,181,301" step="2"/><V48/><F126/><W74/><G74/><T7/><D43/><U134/><E134/><V118/><F118/><W76/><G72/><T101/><D89/><U12/><E12/><V41/><F48/><W69/><G13/><T96/><D37/><U85/><E85/><V40/><F40/><W97/><G69/><T120/><D84/><U28/><E28/><V2/><F2/><W78/><G79/><T90/><D86/><U8/><E8/><V27/><F27/><W64/><G78/><T29/><D29/><U17/><E17/><V112/><F112/><W60/><G76/><T54/><D120/><U103/><E103/><V53/><F41/><W14/><G14/><T119/><D119/><U122/><E122/><V36/><F36/><W62/><G9/><T113/><D113/><U63/><E63/><V102/><F102/><W18/><G62/><N who="0" m="36151" /><D7/><U132/><E132/><V22/><F22/><N who="0" m="8234" /><D101/><U100/><E100/><V98/><F98/><W59/><G6/><T128/><D128/><AGARI ba="0,1" hai="47,50,53,80,82,128,129,130" m="19567,22871" machi="128" ten="30,2000,0" yaku="19,1,52,1" doraHai="30" who="2" fromWho="0" sc="313,-20,195,0,181,30,301,0" /><INIT seed="5,0,0,1,5,45" ten="293,195,211,301" oya="1" hai0="51,121,33,1,100,58,73,117,99,124,11,59,52" hai1="9,66,68,105,122,85,54,34,90,84,119,101,65" hai2="28,74,38,107,80,61,25,102,87,26,3,13,92" hai3="27,48,5,128,112,111,86,14,93,104,69,131,134"/><U106/><E119/><V32/><F3/><W116/><G112/><T12/><D117/><U10/><E34/><V8/><F38/><W20/><G111/><T115/><D73/><U123/><E90/><V109/><F109/><W114/><G114/><T129/><D115/><U88/><E54/><V126/><F126/><W6/><G116/><T98/><D129/><N who="3" m="49737" /><G104/><T83/><D121/><U82/><E68/><V49/><F107/><W53/><G69/><T60/><D33/><U113/><E113/><V17/><F74/><W110/><G14/><T56/><D1/><U31/><E31/><V81/><F26/><W18/><G134/><T22/><D124/><U55/><E55/><V43/><F61/><W77/><G110/><T50/><D22/><U120/><E85/><V71/><F71/><W103/><G103/><T130/><D83/><U29/><E29/><V40/><F40/><W0/><G0/><T44/><D130/><U97/><REACH who="1" step="1"/><E105/><REACH who="1" ten="293,185,211,301" step="2"/><V35/><F35/><W24/><G53/><N who="0" m="29895" /><D60/><U15/><E15/><V46/><REACH who="2" step="1"/><F87/><REACH who="2" ten="293,185,201,301" step="2"/><W37/><G86/><T78/><D78/><U47/><E47/><V2/><F2/><W16/><G77/><T64/><D59/><U72/><E72/><V30/><F30/><W36/><G27/><T127/><D127/><U125/><E125/><V62/><F62/><W95/><G24/><T70/><D70/><U118/><E118/><V108/><F108/><W89/><G37/><T133/><D58/><U135/><E135/><V94/><F94/><W42/><G36/><T91/><D133/><U96/><E96/><AGARI ba="0,2" hai="8,13,17,25,28,32,43,46,49,80,81,92,96,102" machi="96" ten="40,2600,0" yaku="1,1,52,1,53,0" doraHai="45" doraHaiUra="75" who="2" fromWho="1" sc="293,0,185,-26,201,46,301,0" /><INIT seed="6,0,0,1,3,72" ten="293,159,247,301" oya="2" hai0="59,5,23,80,30,67,25,89,112,103,9,129,10" hai1="34,19,17,104,75,43,94,86,63,95,18,114,39" hai2="82,135,44,41,65,110,78,53,50,29,64,69,101" hai3="70,38,133,120,58,124,7,24,68,2,31,79,90"/><V85/><F135/><W47/><G133/><T11/><D112/><U4/><E114/><V97/><F110/><W111/><G120/><T134/><D129/><U116/><E116/><V113/><F113/><W100/><G124/><T40/><D134/><U0/><E104/><V55/><F29/><W45/><G100/><T21/><D103/><U92/><E75/><V122/><F122/><W32/><G111/><T57/><D40/><U54/><E34/><V52/><REACH who="2" step="1"/><F69/><REACH who="2" ten="293,159,237,301" step="2"/><W77/><G70/><T62/><D30/><U88/><E39/><V73/><F73/><W102/><G68/><T128/><D128/><U98/><E43/><V14/><F14/><W118/><G31/><T81/><D25/><U35/><E35/><V131/><F131/><W13/><G24/><T56/><D5/><U108/><E108/><V127/><F127/><W119/><G13/><T84/><REACH who="0" step="1"/><D80/><REACH who="0" ten="283,159,237,301" step="2"/><N who="1" m="49223" /><E4/><V107/><AGARI ba="0,2" hai="41,44,50,52,53,55,64,65,78,82,85,97,101,107" machi="107" ten="30,11700,0" yaku="1,1,0,1,52,1,54,1,53,0" doraHai="72" doraHaiUra="16" who="2" fromWho="2" sc="283,-39,159,-39,237,137,301,-39" /><INIT seed="6,1,0,4,5,13" ten="244,120,374,262" oya="2" hai0="121,14,78,99,127,81,11,46,58,109,24,75,59" hai1="64,135,120,22,88,132,41,3,115,66,69,61,93" hai2="110,42,105,80,2,116,23,67,62,98,57,44,6" hai3="114,5,65,27,84,85,34,33,68,43,83,77,50"/><V7/><F116/><W9/><G114/><T40/><D109/><U112/><E3/><V38/><F110/><W89/><G27/><T111/><D111/><U70/><E22/><V17/><F2/><W106/><G106/><T131/><D121/><U49/><E93/><V32/><F32/><W8/><G65/><N who="1" m="25194" /><E88/><V128/><F128/><W51/><G68/><N who="1" m="26218" /><E61/><V35/><F35/><W82/><G43/><T118/><D14/><U94/><E94/><V90/><F105/><W95/><G95/><T101/><D101/><U30/><E30/><V76/><F98/><W113/><G89/><T53/><D24/><U86/><E86/><V63/><F63/><W18/><G113/><N who="1" m="43594" /><E120/><V36/><F90/><W28/><G28/><T130/><D99/><U25/><E25/><V21/><F21/><W19/><G5/><T133/><D11/><U119/><E119/><V107/><F107/><W96/><G96/><T122/><D122/><U45/><AGARI ba="1,0" hai="41,45,49,132,135" m="43594,26218,25194" machi="45" ten="40,5200,0" yaku="15,1,34,2" doraHai="13" who="1" fromWho="1" sc="244,-14,120,55,374,-27,262,-14" /><INIT seed="7,0,0,2,0,7" ten="230,175,347,248" oya="3" hai0="102,32,72,54,56,124,26,79,8,126,82,13,28" hai1="41,75,57,134,91,6,64,122,51,83,53,48,71" hai2="62,105,2,92,42,128,115,97,22,45,1,133,103" hai3="35,110,24,85,111,99,49,0,135,61,80,119,11"/><W43/><G119/><T58/><D102/><U4/><E122/><V107/><F115/><W25/><G135/><T10/><D58/><U127/><E127/><N who="0" m="48681" /><D13/><U3/><E134/><V90/><F62/><AGARI ba="0,0" hai="8,10,26,28,32,54,56,62,72,79,82" m="48681" machi="62" ten="30,3900,0" yaku="18,1,52,2" doraHai="7" who="0" fromWho="2" sc="230,39,175,0,347,-39,248,0" owari="269,7.0,175,-32.0,308,40.0,248,-15.0" /></mjloggm>