<mjloggm ver="2.3"><GO type="169" lobby="0"/><UN n0="%43%72%37" n1="%E7%82%8E%E3%81%AE%E3%83%88%E3%83%AC%E3%83%BC%E3%83%80%E3%83%BC" n2="%E3%81%94%E3%82%8A%E3%81%94%E3%82%8A%E3%81%94%E3%82%8A%E3%82%89" n3="%E6%B0%B4%E7%84%A1%E6%9C%88%2A%E9%9F%BF" dan="16,16,16,16" rate="2176.21,2158.37,2072.34,2083.68" sx="M,M,F,M"/><TAIKYOKU oya="0"/><INIT seed="0,0,0,0,1,85" ten="250,250,250,250" oya="0" hai0="12,62,122,70,63,28,124,89,90,2,78,132,26" hai1="77,31,133,93,38,0,15,123,64,37,129,127,135" hai2="29,76,32,95,96,134,50,108,87,10,7,6,110" hai3="55,82,8,52,61,51,53,126,104,18,107,119,98"/><T4/><D122/><U105/><E15/><V54/><F134/><W109/><G119/><T60/><D2/><U103/><E31/><V42/><F42/><W45/><G109/><N who="2" m="42089" /><F29/><W88/><G126/><T65/><D124/><U25/><E25/><V99/><F32/><W72/><G72/><T114/><D114/><U59/><E0/><V48/><F6/><W125/><G125/><T30/><D132/><U86/><E38/><V43/><F43/><W46/><G46/><T23/><D78/><U35/><E37/><V128/><F128/><W5/><G5/><T11/><REACH who="0" step="1"/><D30/><REACH who="0" ten="240,250,250,250" step="2"/><U111/><E111/><V116/><F76/><W34/><G34/><T100/><D100/><U79/><E79/><V92/><F116/><W57/><G53/><T13/><D13/><U3/><E77/><V41/><F99/><W74/><G74/><T24/><D24/><U71/><E35/><V66/><F96/><W131/><G131/><T21/><D21/><U40/><E129/><V120/><F120/><W67/><G55/><T9/><D9/><U113/><E123/><V69/><F10/><W81/><G8/><T84/><D84/><U56/><E86/><V121/><F121/><W80/><G18/><T39/><D39/><U58/><E127/><V118/><F87/><W97/><G97/><T117/><D117/><U14/><E135/><V75/><F75/><W1/><G1/><T19/><D19/><U94/><E3/><V44/><F118/><W83/><N who="3" m="20480" /><DORA hai="68" /><W91/><REACH who="3" step="1"/><G98/><REACH who="3" ten="240,250,250,240" step="2"/><T20/><D20/><U36/><E133/><V112/><F54/><W73/><G73/><RYUUKYOKU ba="0,2" sc="240,15,250,-15,250,-15,240,15" hai0="4,11,12,23,26,28,60,62,63,65,70,89,90" hai3="45,51,52,57,61,67,88,91,104,107" /><INIT seed="0,1,2,3,5,5" ten="255,235,235,255" oya="0" hai0="130,19,14,67,91,9,1,22,118,74,52,4,21" hai1="50,57,35,27,89,103,76,26,131,2,90,124,81" hai2="40,110,39,73,65,80,12,36,64,10,3,85,119" hai3="25,32,132,47,92,66,15,126,58,62,75,111,17"/><T68/><D118/><U63/><E2/><V53/><F110/><W46/><G75/><T55/><D130/><U121/><E121/><V116/><F73/><W54/><G111/><T43/><D74/><U117/><E117/><N who="2" m="45131" /><F3/><W0/><G0/><T60/><D43/><U106/><E131/><V56/><F53/><W114/><G114/><T98/><REACH who="0" step="1"/><D21/><REACH who="0" ten="245,235,235,255" step="2"/><U30/><E124/><V95/><F40/><W120/><G126/><T72/><D72/><U84/><E27/><V70/><F39/><W16/><G120/><T83/><D83/><U18/><E50/><V108/><F36/><W13/><G132/><T104/><D104/><U82/><E82/><V51/><F80/><W6/><G32/><T24/><D24/><U28/><E28/><V48/><F95/><AGARI ba="1,3" hai="1,4,9,14,19,22,52,55,60,67,68,91,95,98" machi="95" ten="40,12000,1" yaku="1,1,52,1,54,1,53,1" doraHai="5" doraHaiUra="88" who="0" fromWho="2" sc="245,153,235,0,235,-123,255,0" /><INIT seed="0,2,0,3,2,131" ten="398,235,112,255" oya="0" hai0="108,127,45,134,119,103,15,81,77,69,57,13,106" hai1="72,111,114,89,123,46,101,124,16,107,51,129,80" hai2="1,76,88,41,12,4,14,86,93,90,60,55,74" hai3="113,8,50,126,96,98,82,36,120,10,47,9,61"/><T20/><D119/><U95/><E95/><V92/><F1/><W110/><G113/><T52/><D69/><U64/><E114/><V49/><F74/><W58/><G36/><T5/><D127/><U83/><E123/><V135/><F76/><W0/><G0/><T27/><D45/><U99/><E124/><V121/><F121/><W71/><G71/><T22/><D108/><U2/><E2/><V62/><F135/><W32/><G32/><T105/><D134/><U112/><E129/><V42/><F42/><W34/><G34/><T79/><D103/><U130/><E130/><V31/><F31/><W6/><G6/><T7/><D27/><U59/><E89/><V116/><F41/><W38/><G38/><T84/><D84/><U3/><E72/><V67/><F116/><W115/><G110/><T33/><D33/><U23/><E3/><V28/><F28/><W70/><G70/><T30/><D30/><U73/><E73/><V91/><F91/><W24/><G24/><T117/><D81/><U29/><E29/><V68/><F62/><W94/><G82/><T25/><D25/><U63/><E111/><V18/><F4/><W118/><G118/><T125/><D117/><U85/><E85/><V78/><F78/><W104/><G126/><T102/><D125/><U75/><E75/><V53/><F18/><W56/><G120/><T128/><D128/><U39/><E112/><V97/><REACH who="2" step="1"/><F55/><REACH who="2" ten="398,235,102,255" step="2"/><N who="3" m="30175" /><G61/><T66/><D52/><N who="1" m="29815" /><E39/><V65/><F65/><W17/><G17/><T133/><D66/><U109/><E109/><V100/><F100/><N who="3" m="62471" /><G115/><T43/><D102/><AGARI ba="2,1" hai="8,9,10,56,58,94,98,102" m="62471,30175" machi="102" ten="30,1000,0" yaku="6,1" doraHai="131" who="3" fromWho="0" sc="398,-16,235,0,102,0,255,26" /><INIT seed="1,0,0,2,2,25" ten="382,235,102,281" oya="1" hai0="47,82,61,97,11,3,131,31,59,6,124,105,99" hai1="23,46,132,0,69,54,73,108,83,55,36,116,26" hai2="89,14,42,74,1,104,63,49,5,40,50,66,125" hai3="71,127,27,18,4,44,37,121,87,15,28,79,45"/><U80/><E116/><V86/><F74/><W39/><G121/><T100/><D131/><U43/><E132/><V41/><F104/><W81/><G71/><T114/><D124/><U90/><E0/><V128/><F1/><W24/><G127/><T88/><D114/><U120/><E120/><V107/><F107/><W117/><G117/><T30/><D47/><U22/><E69/><V34/><F34/><W58/><G39/><T68/><D68/><U72/><E22/><V65/><F128/><W93/><G4/><T110/><D110/><U70/><E70/><V35/><F35/><W119/><G37/><T78/><D99/><U7/><E7/><V32/><F32/><W16/><G27/><T33/><D88/><U109/><E73/><V17/><F5/><W13/><G13/><T135/><D33/><U91/><E91/><V48/><F125/><W85/><G58/><T29/><D135/><U77/><E90/><V123/><F123/><W57/><G57/><T133/><D133/><U122/><E83/><N who="2" m="49375" /><F63/><W102/><G87/><T118/><D118/><U20/><E20/><AGARI ba="0,0" hai="14,17,20,40,41,42,48,49,50,65,66" m="49375" machi="20" ten="30,1000,0" yaku="8,1" doraHai="25" who="2" fromWho="1" sc="382,0,235,-10,102,10,281,0" /><INIT seed="2,0,0,1,3,132" ten="382,225,112,281" oya="2" hai0="67,32,20,71,105,39,13,28,65,66,60,115,92" hai1="131,14,1,126,87,31,47,8,95,34,19,30,90" hai2="26,7,53,125,5,58,77,117,133,111,25,0,68" hai3="63,9,4,86,52,127,118,96,64,61,36,6,88"/><V124/><F117/><W48/><G118/><T94/><D115/><U102/><E131/><V23/><F68/><W16/><G36/><T73/><D73/><U78/><E1/><V121/><F121/><W45/><G127/><N who="2" m="48713" /><F133/><W91/><G96/><T17/><D39/><U100/><E126/><V79/><F111/><W57/><G63/><T76/><D76/><N who="2" m="29258" /><F0/><W101/><G101/><N who="1" m="39018" /><E34/><V116/><F116/><W12/><G91/><T110/><D92/><AGARI ba="0,0" hai="4,6,9,12,16,45,48,52,57,61,64,86,88,92" machi="92" ten="30,8000,1" yaku="7,1,8,1,54,3" doraHai="132" who="3" fromWho="0" sc="382,-80,225,0,112,0,281,80" /><INIT seed="3,0,0,0,0,62" ten="302,225,112,361" oya="3" hai0="71,64,57,52,117,109,122,50,6,46,129,26,115" hai1="82,56,91,112,108,68,127,97,125,7,106,21,90" hai2="36,132,32,23,124,72,85,34,134,84,0,47,9" hai3="35,101,105,88,13,38,20,25,113,41,121,12,48"/><W59/><G113/><T70/><D117/><U66/><E68/><N who="0" m="26153" /><D6/><U31/><E7/><N who="2" m="1255" /><F72/><W43/><G121/><T19/><D19/><U24/><E112/><V95/><F23/><W53/><G35/><N who="2" m="13353" /><F95/><W79/><G79/><T29/><D26/><U81/><E108/><V4/><F4/><W131/><G105/><T11/><D29/><U116/><E116/><V14/><F14/><W18/><G101/><T100/><D11/><U67/><E106/><V33/><F124/><N who="1" m="47689" /><E56/><V73/><F73/><W80/><G38/><T114/><D100/><U74/><E97/><V130/><F130/><W28/><G131/><T98/><D98/><U69/><E69/><V40/><N who="2" m="13361" /><V133/><AGARI ba="0,0" hai="36,40,47,84,85,132,133,134" m="13361,1255" machi="133" ten="50,3200,0" yaku="4,1,20,1" doraHai="62" who="2" fromWho="2" sc="302,-8,225,-8,112,32,361,-16" /><INIT seed="4,0,0,5,0,18" ten="294,217,144,345" oya="0" hai0="133,55,52,5,60,25,16,54,40,31,117,62,89" hai1="135,28,102,56,27,17,119,51,44,90,125,131,49" hai2="81,80,110,116,69,26,103,42,46,21,3,114,79" hai3="48,33,34,59,126,124,84,105,109,32,70,72,106"/><T93/><D117/><U75/><E119/><V74/><F110/><W35/><G35/><T99/><D133/><U118/><E135/><V127/><F116/><W94/><G109/><T108/><D108/><U86/><E118/><V128/><F69/><W11/><G72/><T9/><D40/><U65/><E75/><V30/><F114/><W100/><G70/><T97/><D97/><U58/><E131/><V6/><F128/><W121/><G121/><T82/><D82/><U19/><E125/><N who="3" m="48234" /><G11/><T45/><D45/><U53/><E102/><V12/><F81/><W68/><G68/><T63/><D31/><U129/><E129/><V41/><F127/><W43/><G84/><T10/><D5/><U47/><E58/><V7/><F42/><W8/><G8/><T29/><REACH who="0" step="1"/><D16/><REACH who="0" ten="284,217,144,345" step="2"/><U78/><E44/><V73/><F6/><W88/><G43/><T13/><D13/><U38/><E19/><V4/><F12/><W24/><G24/><T123/><D123/><U83/><E17/><V91/><F7/><W85/><G100/><T95/><D95/><U122/><E122/><V134/><F103/><W67/><G106/><T120/><D120/><U77/><E27/><V2/><F134/><W104/><G104/><T112/><D112/><U115/><E28/><V57/><F4/><W96/><G96/><T66/><D66/><U15/><E65/><V22/><F30/><W101/><G101/><T64/><D64/><U39/><E15/><V37/><F41/><W130/><G130/><T113/><D113/><U0/><E115/><V61/><F46/><W111/><G105/><RYUUKYOKU ba="0,1" sc="284,30,217,-10,144,-10,345,-10" hai0="9,10,25,29,52,54,55,60,62,63,89,93,99" /><INIT seed="4,1,1,4,1,44" ten="314,207,134,335" oya="0" hai0="69,98,117,25,100,63,26,94,78,124,6,134,89" hai1="20,95,82,33,108,106,122,46,52,99,83,126,121" hai2="81,48,7,36,110,61,5,2,74,50,88,125,91" hai3="51,53,118,35,113,60,112,85,3,49,96,27,111"/><T16/><D117/><U73/><E33/><V41/><F125/><W76/><G111/><T70/><D124/><U11/><E106/><V77/><F110/><W87/><G3/><T8/><D134/><U17/><E108/><V43/><F61/><W15/><G118/><T132/><D132/><U59/><E126/><V32/><F32/><W47/><G60/><T90/><D78/><U128/><E46/><N who="2" m="23847" /><F7/><W45/><G96/><T104/><D89/><N who="2" m="34378" /><F43/><W58/><G15/><T0/><D63/><U62/><E11/><AGARI ba="1,1" hai="2,5,11,48,50,74,77,81" m="34378,23847" machi="11" ten="30,7700,0" yaku="25,1,52,2,54,1" doraHai="44" who="2" fromWho="1" sc="314,0,207,-80,134,90,335,0" /><INIT seed="5,0,0,0,0,36" ten="314,127,224,335" oya="1" hai0="128,90,123,64,17,93,105,132,114,124,115,26,86" hai1="68,96,67,51,130,6,55,11,66,122,103,24,91" hai2="49,46,41,119,126,47,31,95,54,74,62,48,20" hai3="42,12,27,98,102,60,106,18,33,75,107,61,87"/><U127/><E122/><V37/><F74/><W72/><G107/><T40/><D64/><U85/><E130/><V63/><F119/><W10/><G42/><T112/><D128/><U116/><E127/><V19/><F31/><W58/><G61/><T3/><D3/><U32/><E116/><V9/><F9/><W108/><G108/><T97/><D124/><U104/><E68/><V50/><F126/><W110/><G110/><T29/><D132/><U53/><E24/><V94/><F37/><W38/><G38/><T2/><D2/><U79/><E32/><V1/><F1/><W30/><G87/><T39/><D17/><U100/><E100/><V109/><F109/><W21/><G33/><T8/><D8/><U13/><E79/><V76/><F76/><W83/><G83/><T117/><D117/><U118/><E55/><AGARI ba="0,0" hai="10,12,18,21,27,30,55,58,60,72,75,98,102,106" machi="55" ten="30,1000,0" yaku="7,1" doraHai="36" who="3" fromWho="1" sc="314,0,127,-10,224,0,335,10" /><INIT seed="6,0,0,0,2,112" ten="314,117,224,345" oya="2" hai0="24,18,114,131,120,25,117,43,110,118,22,93,32" hai1="100,116,62,119,124,10,88,48,95,81,87,105,50" hai2="130,65,94,44,55,128,135,8,89,75,72,19,7" hai3="132,111,86,2,79,58,47,73,38,126,6,125,123"/><V99/><F65/><W83/><G123/><T15/><D120/><U34/><E34/><V40/><F55/><W27/><G111/><T69/><D110/><U107/><E62/><V53/><F53/><W80/><G132/><T41/><D69/><U57/><E57/><V127/><F19/><W60/><G27/><N who="0" m="10315" /><D32/><U12/><E124/><V71/><F71/><W121/><G121/><T74/><D74/><U0/><E0/><V102/><F135/><W5/><G58/><T11/><D114/><U82/><E50/><V35/><F102/><W103/><G60/><T51/><D51/><U84/><E48/><V129/><F35/><W30/><G30/><T98/><D22/><U70/><E12/><V76/><F76/><W46/><G103/><N who="0" m="60879" /><D131/><U36/><E10/><V64/><F64/><W28/><G28/><T90/><D90/><N who="1" m="51471" /><E36/><V14/><REACH who="2" step="1"/><F127/><REACH who="2" ten="314,117,214,345" step="2"/><W115/><G126/><T21/><D21/><U77/><E70/><V13/><F13/><W66/><G66/><T61/><D61/><U26/><E26/><V45/><F45/><W52/><G125/><T96/><D41/><U106/><E100/><V20/><F20/><W37/><G47/><T49/><D43/><U68/><E68/><V67/><F67/><W92/><G46/><T97/><D49/><AGARI ba="0,1" hai="7,8,14,40,44,49,72,75,89,94,99,128,129,130" machi="49" ten="40,3900,0" yaku="1,1,19,1,53,0" doraHai="112" doraHaiUra="101" who="2" fromWho="0" sc="314,-39,117,0,214,49,345,0" /><INIT seed="6,1,0,0,1,132" ten="275,117,263,345" oya="2" hai0="0,76,29,24,100,2,66,77,73,36,112,111,41" hai1="95,3,93,63,51,81,123,110,65,135,113,31,14" hai2="107,80,121,47,56,7,59,27,62,99,67,19,45" hai3="34,4,26,79,82,129,30,125,88,53,32,38,48"/><V37/><F121/><W5/><G38/><T131/><D111/><U52/><E3/><V50/><F7/><W114/><G34/><T130/><D112/><U13/><E110/><V60/><F37/><W118/><G118/><T25/><D66/><U89/><E123/><V96/><F107/><W124/><G129/><N who="0" m="49163" /><D100/><U28/><E135/><V8/><F80/><W74/><G114/><T21/><D41/><U9/><E113/><V20/><F8/><W84/><G5/><T94/><D36/><U72/><E81/><V1/><F1/><N who="0" m="618" /><D73/><U103/><E72/><V115/><F115/><W40/><G40/><T133/><D133/><U35/><E35/><V46/><REACH who="2" step="1"/><F50/><REACH who="2" ten="275,117,253,345" step="2"/><W108/><G4/><T61/><D94/><U69/><E95/><V128/><F128/><W92/><REACH who="3" step="1"/><G108/><REACH who="3" ten="275,117,253,335" step="2"/><T42/><D42/><U22/><E9/><V97/><F97/><W85/><G85/><T70/><D76/><U98/><E98/><V122/><F122/><W120/><G120/><T78/><D77/><U87/><E87/><V54/><AGARI ba="1,2" hai="19,20,27,45,46,47,54,56,59,60,62,67,96,99" machi="54" ten="30,6000,0" yaku="1,1,0,1,8,1,53,0" doraHai="132" doraHaiUra="71" who="2" fromWho="2" sc="275,-21,117,-21,253,83,335,-21" /><INIT seed="6,2,0,5,1,14" ten="254,96,336,314" oya="2" hai0="49,98,86,117,20,6,46,58,87,133,11,17,31" hai1="25,55,102,64,95,48,68,53,43,5,67,115,109" hai2="124,21,100,126,45,23,91,130,7,97,4,79,106" hai3="75,3,104,16,135,30,99,89,112,34,13,105,9"/><V71/><F71/><W129/><G75/><T116/><D133/><U19/><E109/><V77/><F45/><W103/><G135/><T85/><D31/><U57/><E115/><V107/><F97/><W69/><G112/><T24/><D58/><U42/><E5/><V132/><F132/><W82/><G129/><T52/><REACH who="0" step="1"/><D98/><REACH who="0" ten="244,96,336,314" step="2"/><U122/><E122/><V56/><F56/><W94/><G69/><T114/><D114/><U83/><E68/><V93/><F130/><W40/><G30/><T60/><D60/><U128/><E128/><V74/><F126/><W10/><G99/><T18/><D18/><U2/><E2/><AGARI ba="2,1" hai="2,6,11,17,20,24,46,49,52,85,86,87,116,117" machi="2" ten="40,5200,0" yaku="1,1,52,1,54,1,53,0" doraHai="14" doraHaiUra="119" who="0" fromWho="1" sc="244,68,96,-58,336,0,314,0" /><INIT seed="7,0,0,4,5,53" ten="312,38,336,314" oya="3" hai0="57,47,83,112,56,86,29,124,80,17,10,15,19" hai1="100,38,109,40,16,79,25,97,58,34,122,67,92" hai2="30,23,101,24,42,133,64,74,71,62,132,1,55" hai3="69,59,82,118,129,51,119,99,90,78,113,37,52"/><W2/><G2/><T22/><D112/><U8/><E122/><V12/><F74/><W126/><G69/><T35/><D124/><U88/><E109/><V31/><F1/><W130/><G37/><T33/><D35/><U110/><E110/><V27/><F101/><W91/><G113/><T84/><D33/><U9/><E34/><V131/><F42/><W76/><G126/><T127/><D29/><U63/><E38/><V44/><F12/><W107/><G107/><T20/><D47/><U70/><E40/><V13/><F13/><W26/><G26/><N who="2" m="9769" /><F23/><N who="0" m="8746" /><D19/><U66/><E79/><N who="3" m="30250" /><G82/><N who="0" m="31275" /><D127/><U68/><E68/><V96/><F96/><W125/><G99/><T21/><N who="0" m="8754" /><T6/><DORA hai="98" /><D17/><U75/><E75/><V134/><F131/><N who="3" m="50187" /><G125/><T105/><D105/><U120/><E120/><V4/><F4/><W49/><G51/><AGARI ba="0,0" hai="30,31,44,51,55,62,64,71,132,133,134" m="9769" machi="51" ten="40,1300,0" yaku="20,1" doraHai="53,98" who="2" fromWho="3" sc="312,0,38,0,336,13,314,-13" owari="312,11.0,38,-46.0,349,45.0,301,-10.0" /></mjloggm>