<mjloggm ver="2.3"><GO type="169" lobby="0"/><UN n0="%E9%B3%B3%E5%8D%97%E3%81%AE%E3%81%B6%E3%81%9F%E3%81%95%E3%82%93" n1="%7A%65%52%6F" n2="%6C%75%6E%61%32%33%34%35" n3="%E3%82%AD%E3%83%AA%E3%83%B3%E3%83%AA%E3%82%AD%E5%BF%AB" dan="17,17,17,16" rate="2238.04,2201.77,2133.56,2092.50" sx="M,M,F,M"/><TAIKYOKU oya="0"/><INIT seed="0,0,0,2,3,30" ten="250,250,250,250" oya="0" hai0="76,56,39,5,25,68,65,60,130,26,50,15,46" hai1="32,13,55,69,135,129,102,20,48,28,11,42,6" hai2="119,110,44,106,113,3,109,9,35,111,80,78,92" hai3="91,61,122,114,94,74,31,45,23,51,67,29,54"/><T18/><D130/><U83/><E135/><V40/><F113/><W36/><G114/><T131/><D131/><U86/><E69/><V34/><F106/><W90/><G122/><T41/><D5/><U89/><E129/><V27/><F27/><W115/><G115/><T96/><D76/><U103/><E32/><N who="2" m="12331" /><F92/><W1/><G1/><T37/><D96/><U33/><E33/><V22/><F22/><W14/><G74/><T126/><D126/><U2/><E42/><V79/><F119/><W24/><G36/><T84/><D84/><U16/><REACH who="1" step="1"/><E28/><REACH who="1" ten="250,240,250,250" step="2"/><V0/><F9/><W19/><G31/><T105/><D37/><U121/><E121/><V72/><F78/><W81/><G29/><T88/><D68/><U38/><E38/><AGARI ba="0,1" hai="0,3,38,40,44,72,79,80,109,110,111" m="12331" machi="38" ten="40,8000,1" yaku="14,1,23,1,52,3" doraHai="30" who="2" fromWho="1" sc="250,0,240,-80,250,90,250,0" /><INIT seed="1,0,0,2,5,14" ten="250,160,340,250" oya="1" hai0="87,46,34,120,45,41,100,1,55,113,124,74,37" hai1="9,127,88,79,73,52,23,89,44,75,119,2,133" hai2="28,27,72,50,53,105,43,56,90,97,33,20,78" hai3="62,42,77,32,30,64,59,47,60,107,54,131,132"/><U71/><E119/><V29/><F72/><W22/><G132/><T117/><D74/><U111/><E71/><V8/><F78/><W106/><G131/><T39/><D1/><U86/><E133/><V101/><F90/><W70/><G32/><T57/><D34/><U15/><E2/><V91/><F91/><W85/><G30/><T83/><D113/><U7/><E75/><V80/><F80/><W0/><G0/><T135/><D124/><U98/><E73/><V102/><F101/><W114/><G114/><T25/><D120/><U115/><E115/><V96/><F96/><W40/><G22/><T26/><D100/><U110/><E127/><V10/><F29/><W5/><G5/><T123/><D123/><U16/><E98/><V93/><F105/><W3/><G3/><T38/><D117/><U112/><E112/><V128/><F128/><W84/><G40/><T130/><D130/><U134/><E134/><V69/><F69/><W126/><G126/><T66/><D66/><U61/><E79/><V17/><F43/><W4/><G4/><T94/><D94/><U58/><E44/><V51/><F50/><W95/><G95/><T65/><D135/><U125/><E125/><V76/><F76/><W18/><G18/><T129/><D129/><U104/><E104/><N who="3" m="39978" /><G77/><N who="0" m="46575" /><D38/><U81/><REACH who="1" step="1"/><E89/><REACH who="1" ten="250,150,340,250" step="2"/><V21/><F33/><W116/><G116/><T108/><D45/><U118/><E118/><V99/><F97/><W68/><G70/><T48/><D46/><U19/><E19/><V63/><F99/><W36/><G68/><T49/><D41/><U12/><AGARI ba="0,1" hai="7,9,12,15,16,23,52,58,61,81,86,88,110,111" machi="12" ten="30,24000,3" yaku="1,1,5,1,0,1,52,1,54,3,53,2" doraHai="14" doraHaiUra="11" who="1" fromWho="1" sc="250,-80,150,250,340,-80,250,-80" /><INIT seed="1,1,0,5,5,6" ten="170,400,260,170" oya="1" hai0="51,90,29,30,50,83,87,120,99,60,63,130,124" hai1="66,125,7,81,86,134,55,0,12,22,38,35,85" hai2="9,20,84,108,15,105,43,106,21,102,16,133,110" hai3="10,31,64,118,5,36,77,79,80,93,100,113,97"/><U95/><E38/><V121/><F121/><W1/><G113/><T44/><D124/><U72/><E35/><V26/><F133/><W91/><G118/><T123/><D130/><U76/><E125/><V128/><F128/><W8/><G36/><T32/><D51/><U17/><E134/><V65/><F43/><W59/><G31/><N who="0" m="11787" /><D32/><U88/><E66/><V18/><F65/><W42/><G42/><N who="0" m="24855" /><D99/><U116/><E116/><V89/><F21/><W74/><G79/><T34/><D34/><U2/><E7/><V37/><F37/><W78/><G78/><T131/><D131/><U24/><E24/><V54/><F54/><W57/><G64/><T119/><D119/><U14/><E14/><V98/><REACH who="2" step="1"/><F105/><REACH who="2" ten="170,400,250,170" step="2"/><W109/><G109/><T28/><D28/><U135/><E135/><V96/><F96/><W33/><G33/><T4/><D120/><U129/><E129/><V56/><F56/><W13/><REACH who="3" step="1"/><G100/><REACH who="3" ten="170,400,250,160" step="2"/><T73/><D123/><U104/><E55/><V47/><F47/><W49/><G49/><T107/><D63/><U19/><E104/><V67/><F67/><W112/><G112/><T58/><D107/><U40/><E40/><V62/><F62/><W11/><G11/><T61/><D61/><U71/><E22/><V46/><F46/><W103/><G103/><T92/><D60/><U68/><E68/><V39/><F39/><W114/><G114/><T27/><D58/><U127/><E71/><V53/><F53/><W117/><G117/><T23/><D23/><U69/><E69/><V3/><F3/><W45/><G45/><T75/><D27/><RYUUKYOKU ba="1,2" sc="170,-15,400,-15,250,15,160,15" hai2="9,15,16,18,20,26,84,89,98,102,106,108,110" hai3="1,5,8,10,13,57,59,74,77,80,91,93,97" /><INIT seed="2,2,2,3,3,25" ten="155,385,265,175" oya="2" hai0="111,114,134,107,120,130,23,54,110,122,86,57,58" hai1="14,117,95,63,26,1,79,11,51,29,126,96,24" hai2="83,16,41,13,106,36,103,115,121,53,98,64,5" hai3="123,30,34,135,12,94,82,50,22,85,109,52,90"/><V21/><F115/><W48/><G123/><N who="0" m="47147" /><D86/><U105/><E117/><V119/><F119/><W32/><G109/><N who="0" m="41483" /><D107/><U76/><E1/><V127/><F121/><W6/><G135/><T91/><D91/><U116/><E26/><V80/><F127/><W78/><G48/><T10/><D23/><N who="1" m="15519" /><E105/><V133/><F133/><W77/><G77/><T47/><D10/><U73/><E73/><V125/><F125/><W61/><G61/><T71/><D134/><U0/><E0/><V15/><F64/><W17/><G6/><T93/><D93/><U74/><E74/><V39/><F53/><W118/><G30/><T92/><D92/><U66/><E51/><V68/><F68/><W101/><G101/><T4/><D4/><N who="1" m="3431" /><E116/><V84/><F41/><W40/><G40/><T19/><D19/><U128/><E128/><V35/><F35/><W45/><REACH who="3" step="1"/><G118/><REACH who="3" ten="155,385,265,165" step="2"/><T88/><D130/><U104/><E126/><V8/><REACH who="2" step="1"/><F80/><REACH who="2" ten="155,385,255,165" step="2"/><W99/><AGARI ba="2,4" hai="12,17,22,32,34,45,50,52,78,82,85,90,94,99" machi="99" ten="20,8000,1" yaku="1,1,2,1,0,1,7,1,54,1,53,0" doraHai="25" doraHaiUra="113" who="3" fromWho="3" sc="155,-22,385,-22,255,-42,165,126" /><INIT seed="3,0,0,3,4,74" ten="133,363,213,291" oya="3" hai0="53,64,9,104,38,36,88,37,81,43,89,30,14" hai1="17,107,35,80,52,90,42,125,45,40,75,131,97" hai2="3,87,59,105,47,77,24,31,100,49,99,128,21" hai3="85,55,116,106,113,19,4,130,119,62,25,110,112"/><W114/><G106/><T26/><D104/><U68/><E68/><V111/><F111/><W122/><G85/><T133/><D133/><U18/><E35/><V27/><F128/><W12/><G55/><T83/><D43/><U79/><E131/><V91/><F3/><W135/><G62/><T63/><D53/><U118/><E125/><V56/><F27/><W76/><G76/><T121/><D121/><U95/><E118/><N who="3" m="45098" /><G130/><T22/><D83/><U101/><E42/><V70/><F70/><W39/><G39/><T51/><D51/><U84/><E52/><V66/><F66/><W102/><G102/><T126/><D126/><U58/><E58/><V54/><REACH who="2" step="1"/><F77/><REACH who="2" ten="133,363,203,291" step="2"/><W67/><G67/><T50/><D64/><U94/><REACH who="1" step="1"/><E94/><AGARI ba="0,1" hai="21,24,31,47,49,54,56,59,87,91,94,99,100,105" machi="94" ten="30,3900,0" yaku="1,1,2,1,7,1,53,0" doraHai="74" doraHaiUra="28" who="2" fromWho="1" sc="133,0,363,-39,203,49,291,0" /><INIT seed="4,0,0,3,5,83" ten="133,324,252,291" oya="0" hai0="31,39,126,6,66,17,11,101,26,135,56,117,34" hai1="2,3,133,53,113,81,130,65,47,102,84,19,55" hai2="43,134,120,16,20,125,93,116,92,64,80,51,100" hai3="10,0,96,99,91,70,35,21,40,119,122,54,41"/><T62/><D135/><U77/><E133/><V30/><F134/><W72/><G119/><T1/><D126/><U29/><E130/><V24/><F120/><W129/><G35/><T71/><D117/><U123/><E123/><V63/><F116/><W74/><G122/><T38/><D56/><U86/><E29/><V67/><F125/><W44/><G70/><T27/><D17/><U58/><E2/><V107/><F107/><W61/><G129/><T75/><D26/><U76/><E3/><V118/><F118/><W115/><G115/><T98/><D75/><U114/><E102/><V85/><F100/><W124/><G21/><T42/><D42/><U94/><E19/><V103/><F103/><W9/><G0/><T50/><D50/><U60/><E77/><N who="2" m="46223" /><F63/><W33/><G61/><T79/><D79/><U110/><E110/><V73/><F73/><W7/><G33/><T25/><D25/><U108/><E108/><V4/><F4/><W128/><G7/><T88/><D88/><N who="1" m="53527" /><E47/><N who="2" m="26111" /><F30/><W109/><G109/><T82/><D82/><U32/><E32/><V104/><F104/><AGARI ba="0,0" hai="1,6,11,27,31,34,38,39,62,66,71,98,101,104" machi="104" ten="30,18000,2" yaku="7,1,25,2,33,3" doraHai="83" who="0" fromWho="2" sc="133,180,324,0,252,-180,291,0" /><INIT seed="4,1,0,0,4,9" ten="313,324,72,291" oya="0" hai0="78,51,99,124,10,119,109,66,24,120,83,87,39" hai1="125,122,14,96,5,28,77,93,76,117,134,3,58" hai2="74,12,49,46,104,110,61,34,112,129,17,101,35" hai3="50,55,22,45,43,20,126,30,62,102,79,103,114"/><T71/><D119/><U82/><E122/><V90/><F110/><W118/><G118/><T67/><D39/><U116/><E3/><V32/><F129/><W105/><G114/><T52/><D120/><U95/><E125/><V70/><F112/><W21/><G126/><T75/><D124/><U72/><E28/><V47/><F74/><W135/><G135/><T37/><D37/><U80/><E58/><V6/><F6/><W54/><G105/><T132/><D132/><U38/><E38/><V107/><F90/><W127/><G127/><T27/><D109/><U130/><E134/><V131/><F131/><W113/><G113/><T1/><D99/><U40/><E40/><V48/><F70/><W69/><G79/><T100/><D100/><N who="3" m="38441" /><G69/><T133/><D75/><U18/><E5/><V19/><F61/><W7/><G7/><T59/><D133/><U26/><E26/><N who="0" m="9769" /><D1/><U0/><E0/><V13/><F101/><W36/><G36/><T53/><D71/><U25/><E25/><V4/><F34/><W42/><G30/><T16/><D53/><U56/><E130/><V73/><F4/><W57/><AGARI ba="1,0" hai="20,21,22,42,43,45,50,54,55,57,62" m="38441" machi="57" ten="30,1100,0" yaku="8,1" doraHai="9" who="3" fromWho="3" sc="313,-6,324,-4,72,-4,291,14" /><INIT seed="5,0,0,2,0,55" ten="307,320,68,305" oya="1" hai0="3,94,79,128,90,38,13,14,48,96,112,16,105" hai1="4,88,129,37,11,45,111,89,127,54,80,28,62" hai2="86,117,126,52,18,131,25,31,46,113,133,125,132" hai3="23,60,36,130,123,100,64,8,17,59,82,32,27"/><U51/><E127/><N who="2" m="48651" /><F117/><W44/><G123/><T103/><D38/><U99/><E129/><V56/><F86/><W78/><G130/><T93/><D3/><U29/><E111/><V53/><F131/><W81/><G100/><T67/><D112/><U42/><E62/><N who="2" m="36103" /><F18/><W10/><G32/><T110/><D110/><U87/><E99/><V109/><F109/><W115/><G115/><T49/><D79/><U92/><E89/><V41/><F113/><W22/><G82/><T33/><D128/><U15/><REACH who="1" step="1"/><E80/><REACH who="1" ten="307,310,68,305" step="2"/><V58/><F31/><W104/><G81/><T24/><D90/><U21/><E21/><V47/><F25/><W95/><G22/><T68/><D24/><U20/><E20/><V12/><F12/><W91/><G27/><T83/><D13/><U61/><E61/><N who="2" m="36047" /><F47/><AGARI ba="0,1" hai="4,11,15,28,29,37,42,45,47,51,54,87,88,92" machi="47" ten="30,5800,0" yaku="1,1,7,1,54,1,53,0" doraHai="55" doraHaiUra="57" who="1" fromWho="2" sc="307,0,310,68,68,-58,305,0" /><INIT seed="5,1,0,3,4,57" ten="307,378,10,305" oya="1" hai0="46,124,94,78,104,127,8,29,36,39,123,48,90" hai1="6,60,21,63,27,93,101,83,110,89,96,44,86" hai2="25,30,99,3,100,0,79,26,34,91,76,75,41" hai3="135,1,111,55,65,71,128,42,38,72,45,117,125"/><U68/><E110/><V129/><F129/><W132/><RYUUKYOKU type="yao9" ba="1,0" sc="307,0,378,0,10,0,305,0" hai3="1,38,42,45,55,65,71,72,111,117,125,128,132,135" /><INIT seed="5,2,0,3,1,38" ten="307,378,10,305" oya="1" hai0="130,93,69,96,98,81,63,87,15,135,104,53,103" hai1="45,107,71,49,25,31,24,75,7,129,100,102,78" hai2="20,97,1,11,124,37,29,110,83,127,40,85,6" hai3="52,72,59,91,51,65,79,74,61,109,101,43,90"/><U66/><E75/><V56/><F110/><W50/><G109/><T111/><D111/><U13/><E107/><V46/><F97/><W57/><G101/><T58/><D135/><U48/><E129/><V47/><F56/><W54/><G43/><T42/><D130/><U77/><E66/><V22/><F47/><W106/><G106/><T126/><D126/><N who="2" m="48170" /><F29/><W84/><G79/><AGARI ba="2,0" hai="1,6,11,20,22,37,40,46,79,83,85" m="48170" machi="79" ten="30,2000,0" yaku="18,1,52,1" doraHai="38" who="2" fromWho="3" sc="307,0,378,0,10,26,305,-26" /><INIT seed="6,0,0,4,5,20" ten="307,378,36,279" oya="2" hai0="73,32,37,0,4,123,91,92,113,29,110,59,74" hai1="57,31,86,6,35,120,15,42,80,47,2,39,51" hai2="55,119,9,130,114,111,69,68,22,81,90,96,54" hai3="94,67,65,128,25,104,40,70,33,66,95,64,8"/><V82/><F119/><W134/><G104/><T53/><D110/><U34/><E120/><V100/><F111/><W30/><G134/><T129/><D37/><U87/><E2/><V125/><F114/><W107/><G128/><T43/><D43/><U98/><E31/><V50/><F130/><W93/><G107/><T63/><D129/><U28/><E28/><V14/><F125/><W108/><G108/><T116/><D123/><U7/><E98/><V36/><F36/><W45/><G8/><T62/><D113/><U133/><E87/><V72/><F22/><W11/><G11/><T58/><D4/><U89/><E133/><V13/><F72/><W61/><REACH who="3" step="1"/><G66/><REACH who="3" ten="307,378,36,269" step="2"/><T127/><D127/><U19/><E7/><V78/><F9/><W79/><G79/><T27/><D0/><U97/><E6/><V109/><F109/><W24/><G24/><T71/><D116/><U105/><E105/><V23/><F78/><W121/><G121/><T76/><D76/><U102/><E15/><V88/><F96/><W48/><AGARI ba="0,1" hai="25,30,33,40,45,48,61,64,65,67,70,93,94,95" machi="48" ten="30,4000,0" yaku="1,1,0,1,52,1,53,0" doraHai="20" doraHaiUra="16" who="3" fromWho="3" sc="307,-10,378,-10,36,-20,269,50" /><INIT seed="7,0,0,0,4,46" ten="297,368,16,319" oya="3" hai0="17,72,8,98,54,105,38,18,130,91,24,30,83" hai1="132,67,114,124,19,111,13,65,88,79,7,116,115" hai2="80,68,120,118,49,43,40,56,44,89,125,21,133" hai3="127,85,78,14,15,134,12,58,60,107,1,61,48"/><W100/><G134/><T45/><D130/><U52/><E111/><V35/><F21/><W3/><G127/><T25/><D8/><U94/><E124/><V73/><F80/><W36/><G36/><T28/><D105/><U55/><E7/><V59/><F89/><W27/><G27/><T66/><D66/><N who="1" m="25099" /><E79/><V39/><F118/><W69/><G69/><T74/><D38/><U71/><E71/><V64/><F35/><W34/><G34/><T75/><D25/><U102/><E102/><V104/><F73/><W92/><G107/><T121/><D121/><U53/><E116/><V135/><F104/><W96/><G1/><T0/><D0/><U26/><E26/><V117/><F117/><W57/><G3/><T22/><D28/><U63/><E63/><N who="3" m="24138" /><G48/><T90/><D83/><AGARI ba="0,0" hai="12,14,15,57,58,78,83,85,92,96,100" m="24138" machi="83" ten="30,1500,0" yaku="8,1" doraHai="46" who="3" fromWho="0" sc="297,-15,368,0,16,0,319,15" /><INIT seed="7,1,0,5,3,96" ten="282,368,16,334" oya="3" hai0="76,124,38,75,131,92,71,69,122,66,121,135,23" hai1="44,110,41,14,89,52,112,34,87,33,6,47,60" hai2="125,63,4,3,20,65,119,73,25,104,29,85,79" hai3="100,35,107,18,88,24,68,74,82,94,48,55,123"/><W26/><G123/><N who="0" m="47115" /><D23/><U15/><E112/><V1/><F85/><N who="3" m="52495" /><G18/><T64/><D92/><N who="1" m="54335" /><E110/><V22/><F63/><W98/><G35/><T13/><D13/><N who="1" m="4619" /><E34/><V91/><F91/><W90/><G90/><T17/><D17/><U36/><E36/><V106/><F65/><N who="0" m="25194" /><D76/><U118/><E118/><V11/><F79/><N who="3" m="44407" /><G68/><N who="0" m="26187" /><D75/><U2/><E2/><V19/><F73/><W40/><G40/><T62/><D124/><U128/><E33/><V27/><F125/><W72/><G72/><T105/><D105/><U58/><E128/><V21/><F119/><W95/><G95/><T80/><D80/><U32/><E32/><V46/><F46/><AGARI ba="1,0" hai="24,26,46,48,55,98,100,107" m="44407,52495" machi="46" ten="30,5800,0" yaku="24,1,52,1,54,1" doraHai="96" who="3" fromWho="2" sc="282,0,368,0,16,-61,334,61" owari="282,-12.0,368,17.0,-45,-55.0,395,50.0" /></mjloggm>