<mjloggm ver="2.3"><GO type="169" lobby="0"/><UN n0="%44%65%78%69%63" n1="%E7%89%8C%E6%B5%81%E7%8A%B6%E6%85%8B%E9%BA%BB%E9%9B%80" n2="%43%E3%82%A8%E3%83%BC%E3%82%B8%E3%82%A7%E3%83%B3%E3%83%88" n3="%E3%83%A9%E3%82%B9%E3%82%8B%E3%81%8B%E3%81%AA" dan="18,16,16,17" rate="2183.65,2061.82,2080.32,2160.64" sx="M,M,M,M"/><TAIKYOKU oya="0"/><INIT seed="0,0,0,4,2,128" ten="250,250,250,250" oya="0" hai0="20,104,58,101,129,81,97,8,132,111,33,113,72" hai1="46,37,57,2,88,78,7,134,119,100,131,52,133" hai2="34,98,51,95,117,124,106,103,94,99,91,18,79" hai3="26,62,56,38,22,32,89,10,67,74,114,21,19"/><T17/><D33/><U90/><E119/><V135/><F34/><W61/><G38/><T25/><D113/><U47/><E100/><V123/><F123/><W50/><G74/><T45/><D129/><U36/><E78/><V39/><F39/><N who="1" m="14921" /><E7/><V40/><F124/><W120/><G32/><T4/><D45/><N who="1" m="16907" /><E2/><V13/><F51/><W82/><G114/><T41/><D41/><U68/><E68/><V5/><F40/><W30/><G120/><T14/><D72/><U54/><E131/><V86/><F5/><W27/><G10/><T115/><D81/><U105/><E105/><V43/><F43/><W122/><G122/><T126/><D115/><U70/><E70/><V112/><F112/><W65/><G50/><T11/><D101/><U24/><E24/><V23/><F79/><W53/><G62/><T118/><D25/><U75/><E75/><V15/><F15/><W48/><REACH who="3" step="1"/><G61/><REACH who="3" ten="250,250,250,240" step="2"/><T12/><D11/><U42/><E42/><V6/><F117/><W87/><AGARI ba="0,1" hai="19,21,22,26,27,30,48,53,56,65,67,82,87,89" machi="87" ten="30,7900,0" yaku="1,1,2,1,0,1,8,1,53,0" doraHai="128" doraHaiUra="130" who="3" fromWho="3" sc="250,-39,250,-20,250,-20,240,89" /><INIT seed="1,0,0,2,0,34" ten="211,230,230,329" oya="1" hai0="7,5,121,21,41,109,97,14,54,127,15,96,102" hai1="47,40,43,66,101,12,17,74,116,32,120,16,51" hai2="58,89,62,35,65,9,113,0,1,124,88,20,56" hai3="132,95,55,46,76,91,10,3,28,130,106,44,112"/><U36/><E116/><V22/><F35/><W83/><G106/><T25/><D109/><U128/><E120/><V77/><F77/><W53/><G112/><T79/><D127/><U72/><E32/><V94/><F124/><W68/><G68/><T135/><D135/><U13/><E128/><V29/><F113/><W67/><G67/><T27/><D79/><U98/><E66/><V69/><F89/><W105/><G105/><T26/><D41/><U59/><E59/><V71/><F58/><W114/><G28/><T23/><D54/><U99/><E51/><V19/><F9/><W50/><G114/><T117/><D102/><U87/><E87/><V82/><F82/><W39/><G132/><T24/><D24/><U107/><E98/><N who="0" m="37993" /><D117/><U63/><E63/><V45/><F45/><W60/><G130/><T75/><D75/><U18/><REACH who="1" step="1"/><E43/><REACH who="1" ten="211,220,230,329" step="2"/><V103/><F71/><W118/><G60/><T134/><D121/><U125/><E125/><V90/><F69/><W81/><G50/><T70/><D70/><U93/><E93/><V111/><F56/><W115/><G95/><T31/><D134/><U92/><E92/><V48/><F48/><W85/><G85/><T49/><D49/><U30/><E30/><V133/><F62/><W100/><G118/><T131/><D131/><U2/><E2/><N who="2" m="1131" /><F65/><W64/><G64/><T11/><D31/><U123/><E123/><V119/><F133/><W38/><G3/><T104/><D104/><U129/><E129/><V126/><F126/><W6/><G81/><T37/><D37/><U42/><E42/><V73/><F119/><RYUUKYOKU ba="0,1" sc="211,15,220,15,230,-15,329,-15" hai0="5,7,11,14,15,21,23,25,26,27" hai1="12,13,16,17,18,36,40,47,72,74,99,101,107" /><INIT seed="1,1,1,0,5,58" ten="226,235,215,314" oya="1" hai0="126,52,69,132,51,75,12,68,121,129,100,108,8" hai1="115,55,73,3,43,79,35,106,24,113,15,13,44" hai2="23,11,37,85,81,33,31,124,120,71,26,116,98" hai3="70,25,84,7,133,93,57,20,74,101,80,86,107"/><U64/><E3/><V54/><F116/><W65/><G70/><T59/><D108/><U78/><E106/><V77/><F120/><W46/><G107/><T2/><D121/><U111/><E111/><V6/><F124/><W122/><G122/><T97/><D126/><U72/><E55/><V4/><F37/><W114/><G114/><T28/><D75/><U82/><E64/><V39/><F39/><W47/><G7/><T45/><D129/><U66/><E66/><V29/><F71/><W112/><G74/><T125/><D132/><U87/><E87/><V118/><F118/><W109/><G133/><T41/><D28/><U96/><E96/><V99/><F31/><W135/><G135/><T103/><D2/><U21/><E35/><V10/><F54/><W50/><G112/><T9/><D9/><N who="2" m="3082" /><F33/><W123/><G109/><T63/><D103/><U62/><E43/><V16/><F29/><N who="3" m="17575" /><G123/><T40/><D125/><U76/><E72/><V5/><AGARI ba="1,1" hai="4,5,6,16,23,26,77,81,85,98,99" m="3082" machi="5" ten="30,2000,0" yaku="8,1,54,1" doraHai="58" who="2" fromWho="2" sc="226,-6,235,-11,215,33,314,-6" /><INIT seed="2,0,0,5,0,99" ten="220,224,248,308" oya="2" hai0="135,47,44,84,129,132,131,11,117,20,46,45,17" hai1="43,133,91,57,111,13,56,76,105,42,68,89,87" hai2="80,69,30,0,29,39,114,64,83,1,130,118,104" hai3="121,61,110,125,18,116,63,127,27,90,74,8,92"/><V15/><F114/><W51/><G116/><T16/><N who="0" m="11264" /><DORA hai="73" /><T9/><D84/><U28/><E68/><V40/><F15/><N who="3" m="7527" /><G51/><T3/><D117/><U95/><E111/><V71/><F104/><W21/><G74/><T50/><D50/><U55/><E133/><N who="0" m="51273" /><D17/><U96/><E105/><V36/><F64/><W65/><G65/><T67/><D67/><U113/><E76/><V107/><F107/><W102/><G121/><T93/><D93/><U4/><E28/><V41/><REACH who="2" step="1"/><F118/><REACH who="2" ten="220,224,238,308" step="2"/><W48/><G127/><T10/><D3/><U108/><E113/><V123/><F123/><W70/><G125/><T52/><D52/><U109/><E55/><V86/><F86/><W22/><G110/><T126/><D126/><U75/><E109/><V134/><F134/><W6/><G70/><T5/><D5/><U77/><E108/><V12/><F12/><AGARI ba="0,1" hai="9,10,11,12,16,20,129,131" m="51273,11264" machi="12" ten="50,3200,0" yaku="20,1,54,1" doraHai="99,73" who="0" fromWho="2" sc="220,42,224,0,238,-32,308,0" /><INIT seed="3,0,0,3,1,15" ten="262,224,206,308" oya="3" hai0="22,83,130,65,6,10,74,60,121,93,56,23,36" hai1="44,108,105,58,38,124,48,131,75,77,132,49,51" hai2="18,128,107,40,123,63,39,135,115,101,26,16,84" hai3="41,9,100,12,80,20,113,27,98,85,35,45,50"/><W14/><G35/><T8/><D121/><U68/><E105/><V42/><F115/><W3/><G3/><T25/><D36/><U19/><E77/><V72/><F72/><W73/><G73/><T92/><D130/><U117/><E75/><V69/><F128/><W86/><G113/><T116/><D116/><U43/><E19/><V125/><F26/><W61/><G61/><T127/><D23/><U111/><E131/><V5/><F5/><W11/><G14/><T126/><D92/><U82/><E82/><V31/><F31/><W89/><G85/><T118/><D93/><U29/><E29/><V97/><F84/><W54/><G41/><T47/><D47/><N who="1" m="24055" /><E68/><V34/><F34/><W134/><G12/><T94/><D118/><U110/><E117/><V67/><F123/><W104/><REACH who="3" step="1"/><G134/><REACH who="3" ten="262,224,206,298" step="2"/><T59/><D60/><U21/><E132/><V62/><F135/><W13/><G13/><T102/><D74/><U95/><E108/><V4/><F4/><W112/><G112/><T90/><D6/><U120/><E110/><V81/><F40/><W87/><G87/><T70/><D10/><U53/><E111/><V52/><F81/><W33/><G33/><T88/><D8/><U109/><E109/><V129/><F129/><W103/><G103/><T57/><D102/><U71/><E120/><V99/><F99/><W55/><G55/><T32/><D32/><U79/><E53/><V28/><F42/><W122/><G122/><T46/><D83/><U119/><E119/><V106/><F97/><W114/><G114/><T64/><D22/><U76/><E21/><RYUUKYOKU ba="0,1" sc="262,-10,224,-10,206,-10,298,30" hai3="9,11,20,27,45,50,54,80,86,89,98,100,104" /><INIT seed="3,1,1,1,1,69" ten="252,214,196,328" oya="3" hai0="27,135,4,83,132,92,134,53,95,77,111,11,81" hai1="5,60,59,128,131,119,22,73,17,3,30,122,14" hai2="44,21,133,2,130,113,96,37,34,101,129,26,46" hai3="125,50,104,55,40,65,110,71,108,7,82,91,57"/><W52/><G104/><T103/><D111/><N who="3" m="42537" /><G7/><T28/><D53/><U47/><E73/><V31/><F2/><W45/><G125/><T24/><D83/><U74/><E74/><V13/><F113/><W76/><G91/><T97/><D95/><U8/><E122/><V54/><F133/><W68/><G65/><T90/><D90/><U123/><E123/><V43/><F13/><W38/><G55/><T85/><REACH who="0" step="1"/><D28/><REACH who="0" ten="242,214,196,328" step="2"/><U98/><E30/><V118/><F118/><W0/><G0/><AGARI ba="1,2" hai="0,4,11,24,27,77,81,85,92,97,103,132,134,135" machi="0" ten="40,5200,0" yaku="1,1,2,1,20,1,53,0" doraHai="69" doraHaiUra="63" who="0" fromWho="3" sc="242,75,214,0,196,0,328,-55" /><INIT seed="4,0,0,1,1,130" ten="317,214,196,273" oya="0" hai0="26,5,20,24,67,105,66,99,96,36,89,121,70" hai1="75,40,107,21,119,11,92,2,93,47,100,64,44" hai2="63,135,95,102,65,60,53,77,83,104,61,18,30" hai3="124,106,80,126,8,22,127,109,0,68,123,94,16"/><T122/><D36/><U41/><E107/><V25/><F18/><W37/><G106/><T7/><D105/><U23/><E64/><V59/><F104/><W71/><G109/><T48/><D48/><U72/><E11/><V28/><F28/><W12/><G37/><T43/><D43/><U117/><REACH who="1" step="1"/><E2/><REACH who="1" ten="317,204,196,273" step="2"/><V120/><F120/><W34/><G0/><T85/><D67/><U84/><E84/><V115/><F115/><W86/><G123/><T114/><D66/><U111/><E111/><V62/><F65/><W113/><G113/><T32/><D114/><U74/><E74/><V79/><F135/><W129/><G129/><T55/><D85/><U6/><E6/><V58/><F58/><W35/><G8/><T87/><D87/><U98/><E98/><V27/><F83/><W131/><G131/><T76/><D96/><U4/><E4/><V128/><F128/><W82/><G94/><T97/><D99/><U54/><E54/><V91/><F102/><AGARI ba="0,1" hai="21,23,40,41,44,47,72,75,92,93,100,102,117,119" machi="102" ten="25,8000,1" yaku="1,1,22,2,53,2" doraHai="130" doraHaiUra="38" who="1" fromWho="2" sc="317,0,204,90,196,-80,273,0" /><INIT seed="5,0,0,0,1,7" ten="317,294,116,273" oya="1" hai0="107,4,74,67,123,46,124,43,134,77,12,39,71" hai1="72,121,30,16,115,3,89,33,38,90,21,104,19" hai2="76,29,61,28,119,34,99,48,65,35,27,114,133" hai3="55,58,128,54,9,52,2,45,50,24,26,64,60"/><U130/><E115/><V78/><F119/><W81/><G128/><T120/><D107/><U1/><E38/><V94/><F133/><W23/><G81/><T103/><D103/><U69/><E69/><V96/><F48/><W116/><G116/><T22/><D134/><U84/><E72/><V15/><F114/><W20/><G2/><T117/><D117/><U86/><E104/><V5/><F99/><W31/><REACH who="3" step="1"/><G9/><REACH who="3" ten="317,294,116,263" step="2"/><T132/><D132/><U113/><E1/><V42/><F78/><W75/><G75/><T112/><D112/><U37/><E3/><V49/><F76/><W102/><G102/><T127/><D77/><U131/><E113/><V92/><F5/><W91/><G91/><T57/><D74/><U106/><E90/><V80/><F80/><W14/><G14/><T56/><D12/><U126/><E89/><V135/><F15/><W70/><G70/><T63/><D4/><U93/><E131/><V53/><F135/><W25/><G25/><T85/><D71/><U97/><E130/><V51/><F27/><W83/><G83/><T73/><D73/><U32/><E121/><V0/><F0/><W47/><G47/><T95/><D120/><U13/><E13/><V79/><F79/><W66/><G66/><T17/><D123/><U68/><E68/><V18/><F65/><W125/><G125/><T10/><D124/><U108/><E126/><V98/><F94/><W129/><G129/><T88/><D127/><U87/><E93/><V36/><F92/><W110/><G110/><T101/><D95/><U59/><E108/><V118/><F118/><RYUUKYOKU ba="0,1" sc="317,-10,294,-10,116,-10,263,30" hai3="20,23,24,26,31,45,50,52,54,55,58,60,64" /><INIT seed="6,1,1,3,1,8" ten="307,284,106,293" oya="2" hai0="16,36,85,57,114,27,7,108,135,119,18,10,6" hai1="123,132,11,72,69,91,4,33,79,66,22,58,37" hai2="76,105,20,100,124,52,0,71,5,9,43,35,68" hai3="12,28,129,95,81,107,51,112,34,65,83,19,101"/><V122/><F122/><W60/><G129/><T115/><D108/><U116/><E33/><V77/><F124/><W30/><G112/><N who="0" m="43051" /><D36/><U125/><E69/><V94/><F43/><W113/><G113/><T134/><D119/><U92/><E37/><V2/><F35/><W41/><G107/><T74/><D74/><U67/><E132/><V86/><F0/><W121/><G121/><T32/><D57/><U127/><E116/><V96/><F20/><W109/><G109/><T62/><D62/><U93/><E93/><V110/><F110/><W82/><G34/><T55/><D85/><N who="1" m="52335" /><E58/><V126/><F126/><N who="1" m="48137" /><E22/><V73/><F73/><W106/><G106/><T26/><D55/><U133/><E133/><N who="0" m="50697" /><D6/><U89/><E89/><V24/><F24/><N who="0" m="9258" /><D32/><U90/><E90/><V23/><F23/><N who="3" m="11751" /><G60/><T39/><D39/><U25/><E25/><V13/><F52/><W21/><G21/><T84/><D84/><U42/><E42/><V80/><F77/><W120/><G120/><T131/><D131/><U38/><E38/><V70/><REACH who="2" step="1"/><F105/><REACH who="2" ten="307,284,96,293" step="2"/><W87/><G41/><T118/><D118/><U44/><E123/><V46/><F46/><W47/><G47/><T48/><D48/><U49/><E49/><V88/><F88/><W99/><G51/><T111/><D111/><U50/><E50/><V31/><F31/><N who="3" m="11819" /><G65/><T61/><D61/><U45/><E66/><V64/><F64/><W98/><G87/><T130/><D130/><U54/><E67/><V75/><F75/><W78/><G78/><T15/><AGARI ba="1,2" hai="7,10,15,16,18" m="9258,50697,43051" machi="15" ten="40,12000,2" yaku="15,1,20,1,34,2,52,1,54,1" doraHai="8" who="0" fromWho="0" sc="307,143,284,-31,96,-61,293,-31" /><INIT seed="7,0,0,2,4,92" ten="450,253,35,262" oya="3" hai0="39,78,34,21,64,8,112,128,56,32,52,87,127" hai1="71,109,91,1,30,113,89,121,47,73,24,84,119" hai2="107,67,93,104,61,40,103,7,85,72,14,68,35" hai3="134,65,2,26,81,36,97,70,118,106,132,122,15"/><W4/><G36/><T124/><D64/><U115/><E109/><V53/><F40/><W12/><G118/><T69/><D69/><U25/><E121/><V130/><F53/><W48/><G122/><T19/><D39/><U28/><E73/><V123/><F130/><W101/><G48/><T120/><D8/><U83/><E71/><V3/><F14/><W37/><G37/><T75/><D75/><U74/><E1/><V96/><F123/><W129/><G129/><T131/><D120/><U108/><E108/><V45/><F45/><W80/><G2/><T76/><D112/><N who="1" m="43083" /><E74/><V17/><F17/><W60/><G26/><N who="1" m="10346" /><E119/><V9/><F35/><W20/><G15/><T33/><D19/><U99/><E47/><V51/><F51/><W10/><REACH who="3" step="1"/><G20/><REACH who="3" ten="450,253,35,252" step="2"/><T13/><D21/><U54/><E54/><V125/><F125/><N who="0" m="48202" /><D13/><U49/><E49/><V105/><F72/><W62/><G62/><N who="0" m="36103" /><D131/><U59/><E28/><V0/><F3/><W114/><G114/><T22/><D22/><U23/><E23/><V44/><F44/><W100/><G100/><T116/><D128/><U88/><E30/><V94/><F85/><W77/><G77/><N who="0" m="29803" /><D116/><U79/><E59/><V57/><F57/><W6/><G6/><T5/><D87/><U11/><E11/><V133/><F133/><AGARI ba="0,1" hai="4,10,12,60,65,70,80,81,97,101,106,132,133,134" machi="133" ten="40,12000,1" yaku="1,1,20,1,52,1,53,1" doraHai="92" doraHaiUra="63" who="3" fromWho="2" sc="450,0,253,0,35,-120,252,130" owari="450,56.0,253,-15.0,-85,-59.0,382,18.0" /></mjloggm>