<mjloggm ver="2.3"><GO type="169" lobby="0"/><UN n0="%4D%E5%B0%82%E5%8B%99" n1="%6D%62%72%63%68%61%6E" n2="%E3%83%A8%E3%82%B7%E3%83%AF" n3="%E3%81%BE%E3%81%95%EF%BC%A7" dan="17,16,16,17" rate="2249.01,2052.51,2109.30,2176.49" sx="M,M,M,M"/><TAIKYOKU oya="0"/><INIT seed="0,0,0,4,0,54" ten="250,250,250,250" oya="0" hai0="102,131,101,32,45,5,40,108,24,15,7,134,63" hai1="25,72,28,14,74,82,97,126,94,61,76,10,49" hai2="4,13,2,96,8,46,66,99,78,27,130,86,38" hai3="109,52,59,37,73,107,30,43,58,100,65,35,117"/><T3/><D134/><U116/><E126/><V51/><F130/><W20/><G109/><T103/><D131/><U98/><E116/><V68/><F38/><W17/><G117/><T21/><D108/><U0/><E0/><V16/><F68/><W41/><G73/><T9/><D63/><U70/><E74/><V128/><F66/><W85/><G37/><T53/><D53/><U71/><E49/><V31/><F128/><W105/><G35/><T60/><D32/><U67/><E94/><V122/><F122/><W69/><G30/><T19/><D60/><U87/><E72/><V64/><F64/><W29/><G29/><T47/><D40/><U84/><E84/><V22/><F78/><W44/><G69/><T81/><D81/><U80/><E80/><V106/><F86/><W118/><G118/><T34/><REACH who="0" step="1"/><D7/><REACH who="0" ten="240,250,250,250" step="2"/><U104/><E71/><V36/><F36/><W90/><G43/><T33/><D33/><U121/><E121/><V119/><F119/><W23/><G41/><T48/><D48/><U129/><E129/><V50/><F106/><W75/><G105/><T133/><D133/><U115/><E104/><V12/><F51/><W127/><G107/><T120/><D120/><U62/><E62/><V1/><F1/><W79/><G52/><T89/><D89/><U124/><E61/><V57/><F2/><W93/><G90/><T113/><D113/><U88/><E115/><V132/><F132/><W95/><G65/><T39/><D39/><U83/><E67/><V55/><F46/><W42/><G42/><T77/><D77/><U135/><E76/><RYUUKYOKU ba="0,1" sc="240,15,250,-15,250,15,250,-15" hai0="3,5,9,15,19,21,24,34,45,47,101,102,103" hai2="4,8,12,13,16,22,27,31,50,55,57,96,99" /><INIT seed="0,1,1,4,3,97" ten="255,235,265,235" oya="0" hai0="86,134,110,87,29,67,127,39,88,33,59,117,114" hai1="68,84,28,57,14,44,19,50,70,38,83,123,41" hai2="89,6,62,54,111,66,82,30,116,7,80,125,27" hai3="36,113,37,73,112,60,15,5,51,26,55,13,121"/><T124/><D117/><U52/><E28/><V128/><F116/><W10/><G73/><T4/><D114/><U56/><E56/><V43/><F54/><W69/><G113/><T90/><D39/><U2/><E2/><V109/><F43/><W95/><G112/><T40/><D40/><U76/><REACH who="1" step="1"/><E123/><REACH who="1" ten="255,225,265,235" step="2"/><V25/><F30/><W58/><G121/><T9/><D29/><U71/><E71/><V115/><F115/><W11/><G69/><T103/><D59/><U130/><E130/><V126/><F128/><W102/><G60/><T48/><D110/><N who="2" m="41994" /><F62/><W34/><G34/><T99/><D124/><N who="2" m="47722" /><F66/><W22/><G58/><T53/><D67/><U119/><E119/><V135/><F135/><W94/><G36/><T12/><D134/><U100/><E100/><V85/><F80/><W92/><G37/><T63/><D127/><U75/><E75/><V81/><F82/><W72/><G72/><T133/><D33/><U120/><E120/><V47/><F47/><W24/><G102/><T104/><D63/><U35/><E35/><V3/><F3/><W129/><G129/><T1/><D1/><U101/><E101/><V78/><F78/><W42/><G51/><T74/><D133/><U64/><E64/><V118/><F118/><W107/><G42/><T20/><D74/><U79/><E79/><V46/><F46/><W108/><G108/><T8/><D53/><U105/><E105/><V49/><F49/><W122/><G55/><T98/><D48/><U106/><E106/><V21/><F27/><N who="3" m="10283" /><G122/><T132/><D132/><U61/><E61/><V17/><AGARI ba="1,2" hai="6,7,17,21,25,81,85,89" m="47722,41994" machi="17" ten="30,4000,0" yaku="5,1,14,1,18,1" doraHai="97" who="2" fromWho="2" sc="255,-21,225,-11,265,63,235,-11" /><INIT seed="1,0,0,1,5,57" ten="234,214,328,224" oya="1" hai0="89,91,86,29,106,47,4,15,96,2,123,58,85" hai1="121,114,82,8,7,120,133,54,92,16,1,128,3" hai2="64,90,13,126,28,19,39,73,41,53,68,131,115" hai3="110,10,59,111,107,60,72,103,84,109,20,102,118"/><U108/><E114/><V62/><F115/><W49/><G72/><T81/><D2/><U67/><E128/><V134/><F131/><W65/><G118/><T61/><D123/><U70/><E133/><V99/><F73/><W43/><G107/><T51/><D29/><U77/><E3/><V83/><F134/><W23/><G10/><T27/><D27/><U24/><E92/><V17/><F126/><W50/><G84/><T56/><D56/><U48/><E108/><V116/><F28/><W88/><G88/><N who="0" m="51247" /><D106/><U52/><E70/><V37/><F41/><W93/><G93/><T135/><D96/><U98/><E98/><V42/><F42/><W26/><G23/><T132/><D135/><U105/><E105/><V100/><F53/><W95/><G95/><T66/><D86/><U6/><E6/><V33/><F33/><W63/><G63/><T0/><D0/><U46/><E67/><V112/><F112/><W122/><G122/><T127/><D127/><U130/><E54/><V71/><F116/><W124/><G124/><T32/><D32/><U69/><E69/><V11/><F68/><W18/><REACH who="3" step="1"/><G43/><REACH who="3" ten="234,214,328,214" step="2"/><N who="0" m="25087" /><D132/><U9/><E130/><V44/><F99/><W97/><G97/><T25/><D91/><U40/><E121/><V76/><F90/><W129/><G129/><T75/><D89/><U5/><E120/><V45/><F100/><AGARI ba="0,1" hai="18,20,26,49,50,59,60,65,100,102,103,109,110,111" machi="100" ten="40,5200,0" yaku="1,1,14,1,52,1,53,0" doraHai="57" doraHaiUra="87" who="3" fromWho="2" sc="234,0,214,0,328,-52,214,62" /><INIT seed="2,0,0,3,5,102" ten="234,214,276,276" oya="2" hai0="93,66,82,37,6,127,23,30,110,38,77,80,10" hai1="120,31,124,25,0,109,20,101,104,86,106,81,42" hai2="33,91,88,65,54,107,68,113,122,45,75,14,52" hai3="61,56,92,89,64,11,98,116,128,112,121,36,18"/><V7/><F122/><W9/><G121/><T103/><D110/><U27/><E0/><V130/><F113/><W115/><G116/><T67/><D127/><U49/><E120/><V19/><F33/><W60/><G36/><T78/><D23/><U118/><E118/><V62/><F75/><W108/><G108/><T132/><D30/><U4/><E4/><V69/><F69/><W13/><G128/><T17/><D17/><U50/><E109/><V12/><F130/><W135/><G135/><T46/><D103/><U15/><E15/><V16/><F107/><W117/><G117/><T47/><D93/><U111/><E111/><V71/><F7/><W72/><G72/><T83/><D83/><U126/><E101/><V26/><F26/><W90/><G11/><T5/><REACH who="0" step="1"/><D10/><REACH who="0" ten="224,214,276,276" step="2"/><U55/><E20/><N who="2" m="11271" /><F68/><W79/><G9/><T123/><D123/><U43/><E31/><V131/><F131/><W85/><G18/><T74/><D74/><U105/><E81/><V63/><F71/><W48/><G92/><T53/><D53/><N who="2" m="20586" /><F65/><W94/><G64/><T2/><D2/><U70/><E70/><V114/><F114/><W58/><G112/><T100/><D100/><U87/><E55/><V129/><F129/><W24/><G115/><T40/><D40/><U133/><E105/><V29/><F29/><W84/><G24/><T134/><AGARI ba="0,1" hai="5,6,37,38,46,47,66,67,77,78,80,82,132,134" machi="134" ten="25,6400,0" yaku="1,1,0,1,22,2,53,0" doraHai="102" doraHaiUra="21" who="0" fromWho="0" sc="224,74,214,-16,276,-32,276,-16" /><INIT seed="3,0,0,4,1,71" ten="298,198,244,260" oya="3" hai0="25,10,4,119,41,93,82,61,24,70,15,14,77" hai1="50,13,135,34,19,0,88,132,130,117,84,12,65" hai2="87,27,51,131,85,9,35,103,22,48,28,75,78" hai3="92,95,11,122,18,107,63,39,17,109,102,43,60"/><W123/><G107/><T115/><D119/><U64/><E0/><V89/><F131/><W105/><G105/><T49/><D115/><U100/><E117/><V91/><F103/><W30/><G30/><T57/><D70/><U5/><E100/><V101/><F101/><W73/><G102/><T86/><D93/><U7/><E34/><V83/><F9/><W125/><G11/><T2/><D15/><U58/><E130/><V99/><F35/><W94/><G73/><T79/><D79/><U110/><E110/><V45/><F51/><W81/><G81/><T76/><D77/><U33/><E33/><V127/><F127/><W68/><G68/><T118/><D2/><U113/><E113/><V133/><F133/><W121/><G125/><T124/><D124/><U90/><E50/><V111/><F111/><W3/><G3/><T104/><D104/><U8/><E58/><V44/><F99/><W116/><G116/><T52/><D118/><U96/><E96/><V128/><F128/><W74/><G74/><T72/><D72/><U47/><E47/><AGARI ba="0,0" hai="4,10,14,24,25,41,47,49,52,57,61,76,82,86" machi="47" ten="40,8000,1" yaku="25,2,8,1,54,1" doraHai="71" who="0" fromWho="1" sc="298,80,198,-80,244,0,260,0" /><INIT seed="4,0,0,0,2,124" ten="378,118,244,260" oya="0" hai0="46,73,4,107,111,44,31,45,18,102,42,21,78" hai1="71,113,32,121,72,0,132,135,81,22,84,53,13" hai2="61,125,15,115,20,82,100,118,43,90,129,74,86" hai3="36,95,7,126,34,114,29,26,101,66,119,52,99"/><T80/><D111/><U14/><E121/><V16/><F118/><W91/><G114/><T98/><D31/><U38/><E32/><V116/><F116/><W76/><G119/><T75/><D75/><U27/><E0/><V67/><F125/><W25/><G126/><T33/><D33/><U104/><E104/><V40/><F115/><W128/><G36/><T97/><D97/><U48/><E38/><V24/><F74/><W123/><G66/><T106/><D4/><U109/><E109/><V110/><F110/><W30/><G76/><T63/><D63/><U105/><E105/><V57/><F129/><W92/><G128/><T6/><D6/><U49/><E71/><V85/><F100/><W11/><G123/><T35/><D35/><U9/><E113/><V39/><F39/><W60/><G92/><T55/><D107/><U37/><E37/><V65/><F65/><W54/><G101/><T103/><D102/><U79/><E72/><V93/><REACH who="2" step="1"/><F24/><REACH who="2" ten="378,118,234,260" step="2"/><W83/><G26/><T56/><D103/><U133/><E133/><V59/><F59/><W1/><G25/><T122/><D56/><U69/><E69/><V120/><F120/><W5/><G1/><T108/><D122/><U41/><E135/><V89/><AGARI ba="0,1" hai="15,16,20,40,43,57,61,67,82,85,86,89,90,93" machi="89" ten="20,8000,1" yaku="1,1,0,1,7,1,8,1,54,1,53,0" doraHai="124" doraHaiUra="51" who="2" fromWho="2" sc="378,-40,118,-20,234,90,260,-20" /><INIT seed="5,0,0,4,3,125" ten="338,98,324,240" oya="1" hai0="89,71,119,39,76,113,110,45,5,37,77,41,33" hai1="13,79,70,123,129,61,8,32,16,95,35,9,7" hai2="26,36,108,6,54,68,52,102,46,17,128,10,118" hai3="107,133,100,66,106,55,97,65,101,60,103,27,56"/><U122/><E79/><V98/><F108/><W18/><G133/><T132/><D110/><U135/><E95/><V28/><F118/><W90/><G106/><T127/><D119/><U0/><E70/><V47/><F128/><W67/><G107/><T112/><D132/><U75/><E75/><V83/><F83/><W94/><G65/><T29/><D71/><U44/><E44/><V116/><F17/><W62/><G62/><T87/><D39/><U49/><E135/><V43/><F47/><W53/><G53/><T80/><D5/><N who="1" m="1063" /><E49/><V74/><F74/><W99/><G99/><T105/><D105/><U73/><E61/><V78/><F78/><W96/><G96/><T93/><D77/><U24/><E73/><V1/><F116/><W4/><G4/><T42/><D42/><U20/><E129/><V51/><F36/><W12/><G27/><T134/><D134/><U64/><E64/><V11/><F11/><AGARI ba="0,0" hai="11,12,18,55,56,60,66,67,90,94,97,100,101,103" machi="11" ten="40,1300,0" yaku="8,1" doraHai="125" who="3" fromWho="2" sc="338,0,98,0,324,-13,240,13" /><INIT seed="6,0,0,1,3,22" ten="338,98,311,253" oya="2" hai0="129,109,12,15,42,47,62,102,86,48,21,36,93" hai1="98,11,38,18,57,75,34,54,95,68,4,35,55" hai2="103,9,6,71,64,90,14,105,60,50,110,114,17" hai3="94,45,131,96,41,20,8,30,80,28,7,76,3"/><V49/><F110/><W100/><G131/><T67/><D129/><U124/><E68/><V51/><F114/><W74/><REACH who="3" step="1"/><G20/><REACH who="3" ten="338,98,311,243" step="2"/><T13/><D109/><U56/><E124/><V116/><F116/><W0/><G0/><T26/><D36/><AGARI ba="0,1" hai="3,7,8,28,30,36,41,45,74,76,80,94,96,100" machi="36" ten="30,7700,0" yaku="1,1,7,1,25,2,53,0" doraHai="22" doraHaiUra="85" who="3" fromWho="0" sc="338,-77,98,0,311,0,243,87" /><INIT seed="7,0,0,4,3,4" ten="261,98,311,330" oya="3" hai0="96,26,47,131,1,43,123,21,31,65,98,10,19" hai1="112,78,35,51,102,32,116,14,5,121,0,92,101" hai2="54,79,52,80,100,110,53,89,58,17,8,103,135" hai3="97,84,88,107,57,12,104,11,36,115,56,126,120"/><W30/><G120/><T63/><D123/><U108/><E121/><V117/><F110/><W113/><G36/><T28/><D131/><U76/><E108/><V85/><F135/><W33/><G126/><T72/><D72/><U75/><E112/><N who="3" m="43082" /><G30/><T125/><D125/><U129/><E129/><V27/><F117/><W133/><G33/><T69/><D31/><U132/><E132/><V61/><F79/><W77/><G77/><T118/><D118/><U22/><E116/><V73/><F73/><W66/><G133/><T7/><REACH who="0" step="1"/><D28/><REACH who="0" ten="251,98,311,330" step="2"/><U134/><E134/><V106/><F106/><N who="3" m="40491" /><G97/><T55/><D55/><N who="2" m="21066" /><F27/><W119/><G66/><T45/><D45/><U16/><E75/><V34/><F34/><W41/><G41/><T64/><D64/><U127/><E127/><V9/><F17/><N who="3" m="8351" /><G119/><T6/><D6/><U60/><E60/><V25/><F25/><W87/><G87/><T44/><D44/><U111/><E111/><V82/><F82/><AGARI ba="0,1" hai="56,57,82,84,88" m="8351,40491,43082" machi="82" ten="30,5800,0" yaku="15,1,52,1,54,1" doraHai="4" who="3" fromWho="2" sc="251,0,98,0,311,-58,330,68" owari="251,-15.0,98,-40.0,253,5.0,398,50.0" /></mjloggm>