<mjloggm ver="2.3"><GO type="169" lobby="0"/><UN n0="%4B%2D%4D%2D%42" n1="%E3%82%AD%E3%83%A0%E3%82%AB%E3%83%83%E3%83%95%E3%82%A1%E3%83%B3" n2="%E6%B2%B3%E7%AB%A5%E3%81%AE%E3%83%AF%E3%82%AB%E3%83%9E%E3%83%84" n3="%59%4D" dan="16,16,18,17" rate="2086.01,2049.45,2225.11,2167.31" sx="M,M,M,M"/><TAIKYOKU oya="0"/><INIT seed="0,0,0,3,4,20" ten="250,250,250,250" oya="0" hai0="131,97,114,1,30,99,17,35,59,22,3,124,69" hai1="128,12,72,84,132,36,32,126,74,53,123,90,18" hai2="39,101,120,7,61,60,73,44,56,19,63,107,9" hai3="113,85,119,14,134,55,43,52,24,75,95,115,121"/><T34/><D69/><U116/><E32/><V51/><F120/><W70/><G119/><T0/><D114/><U88/><E36/><V58/><F39/><W87/><G70/><T80/><D124/><U106/><E106/><V21/><F73/><W57/><G75/><T28/><D131/><U135/><E123/><V78/><F78/><W48/><G121/><T11/><D80/><U62/><E116/><V76/><F76/><W41/><G134/><T27/><D59/><N who="1" m="35183" /><E128/><V47/><F101/><W31/><G14/><N who="0" m="9527" /><D97/><U15/><E15/><N who="2" m="5567" /><F107/><W66/><G66/><T86/><D86/><U65/><E65/><V26/><F47/><W77/><G87/><T118/><D99/><U108/><E108/><V91/><F91/><N who="1" m="34857" /><E126/><V96/><F96/><W68/><G68/><T33/><D118/><U4/><E4/><V54/><AGARI ba="0,0" hai="19,21,26,44,51,54,56,58,60,61,63" m="5567" machi="54" ten="30,2000,0" yaku="8,1,52,1" doraHai="20" who="2" fromWho="2" sc="250,-10,250,-5,250,20,250,-5" /><INIT seed="1,0,0,1,2,87" ten="240,245,270,245" oya="1" hai0="2,38,36,58,71,41,93,90,40,20,96,42,16" hai1="39,112,134,68,82,111,0,119,25,76,64,108,118" hai2="73,6,35,18,117,120,10,78,37,49,12,13,67" hai3="77,88,133,7,53,80,45,34,83,74,43,62,103"/><U72/><E112/><V60/><F117/><W54/><G34/><T79/><D71/><U29/><E39/><V135/><F120/><W4/><G133/><T27/><D2/><U132/><E0/><V124/><F135/><N who="1" m="51753" /><E64/><V55/><F35/><W99/><G62/><T104/><D79/><U61/><E61/><V127/><F37/><W24/><G24/><T3/><D3/><U26/><E68/><V109/><F109/><N who="1" m="42057" /><E26/><V116/><F116/><W11/><G7/><T28/><D104/><U15/><E15/><V46/><F73/><W100/><G11/><T128/><D128/><U113/><E113/><V102/><F102/><W89/><G4/><T9/><D58/><U126/><E126/><V130/><F78/><W70/><G70/><T84/><D9/><U123/><E123/><V14/><F130/><W8/><G8/><T91/><REACH who="0" step="1"/><D28/><REACH who="0" ten="230,245,270,245" step="2"/><U121/><E121/><V1/><REACH who="2" step="1"/><F18/><REACH who="2" ten="230,245,260,245" step="2"/><W22/><G77/><T95/><AGARI ba="0,2" hai="16,20,27,36,38,40,41,42,84,90,91,93,95,96" machi="95" ten="30,12000,2" yaku="1,1,2,1,0,1,52,2,54,1,53,0" doraHai="87" doraHaiUra="122" who="0" fromWho="0" sc="230,140,245,-60,260,-30,245,-30" /><INIT seed="2,0,0,1,3,64" ten="370,185,230,215" oya="2" hai0="75,92,95,51,80,85,129,1,130,17,5,52,121" hai1="34,124,88,57,71,123,66,13,91,84,107,117,125" hai2="31,118,134,106,96,72,105,35,128,49,112,114,39" hai3="46,122,42,16,36,53,20,32,56,44,18,79,116"/><V132/><F39/><W94/><G116/><T81/><D121/><U110/><E107/><N who="2" m="40971" /><F49/><W73/><G122/><T90/><D1/><U60/><E117/><V86/><F118/><W135/><G32/><T131/><D5/><U69/><E123/><V62/><F72/><W30/><G46/><N who="0" m="27767" /><D17/><U54/><E34/><V133/><F128/><W104/><G104/><T59/><D59/><U21/><E110/><V2/><F2/><W126/><G30/><T9/><D9/><U77/><E77/><AGARI ba="0,0" hai="75,77,80,81,85,90,92,95,129,130,131" m="27767" machi="77" ten="30,2000,0" yaku="19,1,54,1" doraHai="64" who="0" fromWho="1" sc="370,20,185,-20,230,0,215,0" /><INIT seed="3,0,0,1,3,3" ten="390,165,230,215" oya="3" hai0="83,53,101,38,45,10,79,12,103,2,35,119,84" hai1="100,113,17,7,88,65,73,40,105,71,93,68,80" hai2="72,122,131,77,21,4,115,23,25,8,99,78,86" hai3="109,134,41,26,117,66,34,49,6,108,36,74,124"/><W126/><G117/><T120/><D120/><U104/><E113/><V57/><F115/><W132/><G74/><T64/><D119/><U54/><E40/><V39/><F122/><W75/><G75/><T107/><D2/><U32/><E32/><V112/><F112/><W106/><G106/><T46/><D35/><U60/><E71/><V102/><F131/><W44/><G66/><T27/><D107/><U19/><E54/><V91/><F39/><W56/><G34/><T95/><D64/><U62/><E62/><V50/><F72/><W121/><G26/><T61/><D27/><U24/><E24/><V96/><F57/><W14/><G121/><T5/><D38/><U33/><E33/><V63/><F50/><W135/><G14/><T69/><D69/><U123/><E123/><V70/><F63/><W28/><G6/><T92/><D61/><U85/><E7/><V82/><F23/><W48/><G28/><T111/><D111/><N who="3" m="42569" /><G56/><T47/><D53/><U37/><E37/><V11/><F70/><W52/><G52/><T29/><D29/><U129/><E129/><V16/><F11/><W128/><G128/><T98/><D46/><U76/><REACH who="1" step="1"/><E105/><REACH who="1" ten="390,155,230,215" step="2"/><V0/><F4/><W114/><G114/><T118/><D118/><U90/><E90/><V67/><F67/><W31/><G31/><T13/><D13/><U89/><E89/><V116/><F116/><W125/><AGARI ba="0,1" hai="36,41,44,48,49,124,125,126,132,134,135" m="42569" machi="125" ten="50,18000,2" yaku="18,1,20,1,14,1,10,1,34,2" doraHai="3" who="3" fromWho="3" sc="390,-60,155,-60,230,-60,215,190" /><INIT seed="3,1,0,3,5,13" ten="330,95,170,405" oya="3" hai0="61,8,49,78,124,85,121,75,130,45,67,52,119" hai1="53,114,128,88,33,10,115,1,5,109,39,2,48" hai2="92,25,56,51,44,3,15,0,81,94,105,100,111" hai3="134,98,106,113,77,96,91,37,6,21,83,122,97"/><W127/><G113/><T103/><D119/><U79/><E39/><V62/><F111/><W135/><G37/><T19/><D121/><U26/><E109/><V46/><F105/><W66/><G66/><T107/><D75/><U84/><E128/><V117/><F117/><W93/><G6/><T27/><D130/><U14/><E79/><V99/><F81/><W118/><G21/><N who="0" m="13759" /><D107/><U82/><E33/><V133/><F133/><N who="3" m="50699" /><G118/><T42/><D124/><U36/><E36/><V132/><F132/><W110/><G122/><T69/><D103/><U55/><E55/><V28/><F92/><N who="3" m="56351" /><G110/><T57/><D69/><U86/><E86/><V90/><F100/><N who="3" m="62735" /><G127/><T9/><D67/><U74/><E74/><V43/><F0/><W129/><G129/><T59/><D59/><U17/><E26/><V38/><F3/><W68/><G68/><T30/><D30/><U32/><E32/><V63/><F56/><W104/><G104/><T95/><D95/><U20/><E2/><V11/><F28/><W80/><G77/><T87/><D78/><U47/><AGARI ba="1,0" hai="1,5,10,14,17,20,47,48,53,82,84,88,114,115" machi="47" ten="20,5200,0" yaku="0,1,7,1,52,1,54,1" doraHai="13" who="1" fromWho="1" sc="330,-14,95,55,170,-14,405,-27" /><INIT seed="4,0,0,3,1,121" ten="316,150,156,378" oya="0" hai0="49,113,38,32,29,53,7,33,4,128,63,109,1" hai1="48,116,118,106,27,41,11,13,37,104,47,111,87" hai2="76,105,134,88,81,10,18,3,6,94,117,101,51" hai3="36,43,115,89,72,112,35,39,114,22,2,9,26"/><T77/><D38/><U102/><E37/><V59/><F134/><W86/><G72/><T126/><D1/><U119/><E102/><V66/><F117/><W70/><G70/><T95/><D77/><U0/><E0/><V93/><F105/><W40/><G35/><T110/><D113/><U21/><E87/><V15/><F101/><W56/><G56/><T99/><D126/><U83/><E83/><V12/><F93/><N who="3" m="54455" /><G9/><T44/><D128/><U34/><E34/><N who="0" m="13417" /><D63/><U92/><E92/><V75/><F18/><N who="3" m="12631" /><G2/><T55/><D55/><U14/><E14/><V135/><F135/><W24/><G24/><T90/><D29/><U46/><E46/><V124/><F124/><W85/><G85/><T132/><D132/><U62/><E62/><V108/><F66/><W131/><G131/><T122/><D122/><U65/><E65/><V79/><F79/><W120/><G120/><T74/><D74/><U98/><E98/><V42/><F59/><W107/><G107/><T61/><D61/><U133/><E133/><V45/><REACH who="2" step="1"/><F108/><AGARI ba="0,0" hai="4,7,44,49,53,90,95,99,108,109,110" m="13417" machi="108" ten="30,11600,0" yaku="10,1,52,3" doraHai="121" who="0" fromWho="2" sc="316,116,150,0,156,-116,378,0" /><INIT seed="4,1,0,0,2,14" ten="432,150,40,378" oya="0" hai0="69,11,0,96,55,2,16,126,40,60,83,123,129" hai1="78,4,88,58,43,89,29,9,112,107,64,52,65" hai2="20,103,71,99,118,102,77,26,13,85,31,21,56" hai3="128,22,3,132,95,101,47,27,117,59,5,122,82"/><T39/><D123/><U72/><E107/><V87/><F71/><W135/><G117/><T15/><D126/><U91/><E43/><V45/><F118/><W76/><G122/><T36/><D129/><U10/><E29/><V127/><F127/><W7/><G128/><T28/><D28/><U12/><E112/><V134/><F134/><W50/><G59/><T17/><D2/><U109/><E109/><V68/><F68/><W100/><G3/><T124/><D0/><U23/><E10/><V6/><F45/><W18/><G5/><T104/><D40/><U49/><REACH who="1" step="1"/><E23/><REACH who="1" ten="432,140,40,378" step="2"/><V33/><F21/><W44/><G132/><T63/><D104/><U1/><E1/><V67/><F20/><W92/><G135/><T32/><D32/><U119/><E119/><V133/><F133/><W108/><G108/><T8/><D8/><U79/><E79/><V30/><F30/><W35/><G35/><T93/><D11/><U120/><E120/><V121/><F121/><W51/><G76/><T81/><D124/><U115/><E115/><V46/><F77/><W37/><G37/><T66/><D39/><U62/><E62/><V110/><F110/><W19/><G22/><T42/><D36/><U74/><E74/><V34/><F34/><W48/><G48/><T131/><D131/><U80/><AGARI ba="1,1" hai="4,9,12,49,52,58,64,65,72,78,80,88,89,91" machi="80" ten="30,7900,0" yaku="1,1,0,1,54,2,53,0" doraHai="14" doraHaiUra="114" who="1" fromWho="1" sc="432,-40,140,92,40,-21,378,-21" /><INIT seed="5,0,0,5,3,47" ten="392,232,19,357" oya="1" hai0="97,38,76,17,90,15,0,69,113,75,5,4,70" hai1="103,89,43,134,125,123,44,85,99,2,127,84,54" hai2="100,55,64,34,33,59,39,120,117,29,31,63,135" hai3="62,40,108,80,91,51,78,122,132,118,21,102,94"/><U60/><E123/><V16/><F120/><W45/><G122/><T35/><D38/><U1/><E134/><V93/><F117/><W61/><G108/><T131/><D35/><U126/><E54/><V46/><F135/><W110/><G110/><T10/><D113/><U67/><E60/><V14/><F34/><W11/><G132/><T106/><D131/><U83/><E85/><V112/><F112/><W13/><G118/><T96/><D75/><U6/><E6/><V130/><F130/><W36/><G21/><T81/><D106/><N who="1" m="63871" /><E67/><V3/><F3/><W87/><G102/><T50/><D70/><U24/><E24/><V101/><F33/><W98/><REACH who="3" step="1"/><G36/><AGARI ba="0,0" hai="1,2,36,43,44,83,84,89,125,126,127" m="63871" machi="36" ten="30,1500,0" yaku="18,1" doraHai="47" who="1" fromWho="3" sc="392,0,232,15,19,0,357,-15" /><INIT seed="5,1,0,0,3,133" ten="392,247,19,342" oya="1" hai0="51,113,99,109,33,110,1,125,96,108,122,81,124" hai1="59,29,102,131,87,38,12,42,93,4,5,19,16" hai2="132,116,30,22,54,37,70,129,91,41,80,74,40" hai3="68,121,128,25,27,13,79,135,130,48,63,76,127"/><U28/><E131/><N who="3" m="50218" /><G121/><T26/><D122/><U123/><E123/><V98/><F129/><W120/><G120/><T114/><D1/><U36/><E59/><V82/><F116/><W95/><G135/><T83/><D51/><U6/><E42/><V56/><F132/><W88/><G48/><T64/><D64/><U61/><E61/><V62/><F70/><W11/><G127/><N who="0" m="48715" /><D26/><N who="3" m="9737" /><G63/><T111/><D33/><U2/><E2/><V66/><F30/><N who="1" m="11881" /><E12/><V58/><F22/><W21/><G21/><T92/><D111/><U86/><E93/><V20/><F20/><W55/><G55/><T23/><D23/><U50/><E102/><V67/><F37/><N who="1" m="14441" /><E50/><V104/><F66/><W10/><G68/><T119/><D119/><U90/><E90/><V46/><F46/><W49/><G49/><T89/><D96/><U31/><N who="1" m="11889" /><U73/><DORA hai="107" /><E73/><V45/><F45/><W71/><G71/><T117/><D117/><U53/><E53/><V105/><F105/><W60/><G60/><T100/><D100/><U57/><E57/><V94/><F104/><W134/><G134/><T8/><D8/><U18/><AGARI ba="1,0" hai="4,5,6,16,18,19,86,87" m="14441,11889" machi="18" ten="50,9600,0" yaku="28,2,54,1" doraHai="133,107" who="1" fromWho="1" sc="392,-33,247,99,19,-33,342,-33" owari="359,45.0,346,15.0,-14,-51.0,309,-9.0" /></mjloggm>