<mjloggm ver="2.3"><GO type="169" lobby="0"/><UN n0="%E6%B2%B3%E7%AB%A5%E3%81%AE%E3%83%AF%E3%82%AB%E3%83%9E%E3%83%84" n1="%62%69%67%6D%6F%75%74%68" n2="%32%30%30%E6%88%A6%E5%8D%87%E7%89%B9" n3="%E5%8F%A4%E5%8F%82%E5%B8%AB%E5%8C%A0" dan="18,17,16,16" rate="2233.60,2189.58,2144.59,2173.69" sx="M,M,M,M"/><TAIKYOKU oya="0"/><INIT seed="0,0,0,2,1,55" ten="250,250,250,250" oya="0" hai0="33,41,3,126,58,77,0,28,35,18,38,46,106" hai1="45,109,127,67,103,89,50,36,15,40,52,62,122" hai2="5,60,87,71,7,84,57,23,131,22,121,34,56" hai3="27,81,73,32,47,100,26,53,10,39,17,101,79"/><T95/><D106/><U93/><E122/><V125/><F34/><W111/><G32/><T54/><D126/><U72/><E72/><V6/><F121/><W19/><G111/><T124/><D124/><U114/><E127/><V128/><F125/><W20/><G39/><T61/><D77/><U129/><E109/><V29/><F71/><W82/><G81/><T48/><D35/><U132/><E103/><V30/><F5/><W42/><G42/><T70/><D18/><U13/><E132/><V68/><F68/><W80/><G80/><T133/><D95/><U66/><E129/><V96/><F96/><W105/><G105/><T115/><D115/><U94/><E114/><V9/><F60/><W74/><G74/><T85/><D85/><U119/><E119/><V116/><REACH who="2" step="1"/><F9/><REACH who="2" ten="250,250,240,250" step="2"/><W65/><G10/><T107/><D133/><U102/><E62/><V37/><F37/><W16/><G65/><N who="0" m="41263" /><D107/><U123/><E123/><V64/><F64/><W14/><G101/><T69/><D69/><U21/><E102/><V113/><F113/><W24/><G100/><T130/><D130/><U118/><E118/><AGARI ba="0,1" hai="6,7,22,23,29,30,56,57,84,87,116,118,128,131" machi="118" ten="25,8000,1" yaku="1,1,22,2,52,2,53,0" doraHai="55" doraHaiUra="135" who="2" fromWho="1" sc="250,0,250,-80,240,90,250,0" /><INIT seed="1,0,0,4,1,38" ten="250,170,330,250" oya="1" hai0="15,0,108,120,30,62,3,64,124,8,109,115,133" hai1="46,132,122,16,50,96,90,34,57,107,130,2,18" hai2="51,21,37,11,5,134,69,45,85,106,17,73,7" hai3="126,88,20,19,4,55,44,29,94,36,121,22,104"/><U1/><E122/><V47/><F73/><W105/><G126/><T99/><D115/><U6/><E34/><V49/><F106/><W123/><G4/><T14/><D124/><U89/><E130/><V63/><F37/><W84/><G105/><T26/><D99/><U9/><E132/><V95/><F134/><W71/><G71/><T68/><D133/><U127/><E127/><V125/><F125/><W10/><G104/><T53/><D53/><U113/><E113/><V100/><F69/><W56/><G10/><T35/><D120/><U54/><E2/><N who="0" m="553" /><D8/><U66/><E90/><N who="2" m="53711" /><F100/><W13/><G29/><T97/><D97/><U131/><E131/><V116/><F63/><W23/><G123/><T78/><D78/><U67/><E67/><V27/><F116/><W52/><G121/><T72/><D72/><U76/><E76/><V117/><F117/><W43/><G55/><T42/><D42/><U74/><E74/><V81/><F11/><W32/><G32/><T101/><D101/><U102/><REACH who="1" step="1"/><E89/><REACH who="1" ten="250,160,330,250" step="2"/><V75/><F75/><W31/><REACH who="3" step="1"/><G31/><REACH who="3" ten="250,160,330,240" step="2"/><T110/><AGARI ba="0,2" hai="14,15,26,30,35,62,64,68,108,109,110" m="553" machi="110" ten="40,1500,0" yaku="14,1" doraHai="38" who="0" fromWho="0" sc="250,35,160,-7,330,-4,240,-4" /><INIT seed="2,0,0,5,4,82" ten="285,153,326,236" oya="2" hai0="48,44,65,91,8,54,6,26,122,74,35,111,135" hai1="132,118,49,105,38,126,94,92,120,19,32,88,96" hai2="85,103,81,45,114,108,95,22,104,50,67,127,66" hai3="97,73,84,121,77,62,131,16,68,70,106,117,60"/><V28/><F114/><W37/><G121/><T98/><D122/><U41/><E118/><V123/><F104/><W64/><G117/><T90/><D111/><U124/><E32/><V42/><F123/><W119/><G119/><T39/><D135/><U0/><E38/><V130/><F130/><W75/><G37/><T43/><D74/><U80/><E0/><V58/><F108/><W55/><G131/><T72/><D72/><U34/><E34/><V10/><F127/><N who="1" m="48681" /><E19/><V7/><F58/><W29/><G29/><T25/><D65/><U52/><E41/><V113/><F113/><W134/><G134/><T101/><D35/><U59/><E132/><V116/><F116/><W47/><G16/><T2/><D26/><U18/><E120/><V12/><F28/><W27/><G27/><T86/><D25/><U107/><E80/><V57/><F22/><W51/><G106/><N who="1" m="40458" /><E18/><V17/><F17/><W14/><G73/><T76/><D43/><U79/><E94/><V78/><F57/><W83/><G75/><T33/><D39/><U5/><E79/><V56/><F56/><W9/><G70/><T13/><D2/><U3/><E3/><V69/><F69/><W125/><G125/><T53/><D33/><U36/><E36/><V93/><F93/><W15/><G68/><T87/><D76/><U99/><E5/><V1/><F1/><W46/><G77/><T133/><D133/><U40/><E40/><V110/><F110/><W21/><G21/><T71/><D71/><U4/><E4/><V102/><F95/><W30/><G30/><T115/><D6/><RYUUKYOKU ba="0,0" sc="285,-15,153,15,326,15,236,-15" hai1="49,52,59,88,92,96,99" hai2="7,10,12,42,45,50,66,67,78,81,85,102,103" /><INIT seed="2,1,0,4,2,115" ten="270,168,341,221" oya="2" hai0="31,135,48,44,36,74,67,43,129,6,111,127,122" hai1="13,76,79,117,85,56,108,58,61,41,123,55,34" hai2="98,11,72,57,132,53,96,77,112,95,22,28,38" hai3="134,26,65,88,1,82,114,37,91,14,93,89,130"/><V45/><F112/><W68/><G114/><T92/><D74/><U63/><E34/><V81/><F132/><W54/><G134/><T51/><D135/><U18/><E108/><V102/><F11/><W7/><G37/><T24/><D122/><U4/><E123/><V5/><F5/><W15/><G130/><T104/><D104/><U70/><E70/><V39/><F45/><W113/><G113/><T16/><D111/><U25/><E117/><V119/><F119/><W47/><G26/><T126/><D129/><U62/><E41/><V50/><REACH who="2" step="1"/><F98/><REACH who="2" ten="270,168,331,221" step="2"/><W21/><G7/><T8/><D6/><U66/><E4/><V12/><F12/><W80/><G14/><T2/><D8/><U94/><E25/><AGARI ba="1,1" hai="22,25,28,38,39,50,53,57,72,77,81,95,96,102" machi="25" ten="40,3900,0" yaku="1,1,53,1" doraHai="115" doraHaiUra="97" who="2" fromWho="1" sc="270,0,168,-42,331,52,221,0" /><INIT seed="2,2,0,4,3,127" ten="270,126,383,221" oya="2" hai0="88,116,71,83,123,133,132,60,58,0,16,74,19" hai1="45,93,43,34,61,46,95,129,73,134,119,4,120" hai2="20,49,33,18,51,59,25,38,28,29,76,23,113" hai3="22,47,14,7,62,86,24,78,80,15,65,27,5"/><V42/><F113/><W108/><G108/><T92/><D71/><U103/><E119/><V37/><F76/><W112/><G112/><T114/><D0/><U124/><E73/><V110/><F110/><W96/><G47/><T109/><D114/><U57/><E34/><V70/><F70/><W53/><G53/><T102/><D109/><U89/><E124/><V54/><F33/><W84/><G96/><T40/><D123/><U101/><E120/><V21/><F21/><W17/><G84/><T106/><D40/><U81/><E134/><N who="0" m="51817" /><D116/><U6/><E81/><V67/><F67/><W68/><REACH who="3" step="1"/><G14/><REACH who="3" ten="270,126,383,211" step="2"/><T125/><D125/><U118/><E118/><V99/><F99/><W9/><G9/><T100/><D74/><U126/><E126/><V36/><F42/><W72/><G72/><T87/><D106/><U69/><E46/><V13/><REACH who="2" step="1"/><F28/><REACH who="2" ten="270,126,373,211" step="2"/><W30/><G30/><T11/><D11/><U121/><E121/><V75/><F75/><W10/><G10/><T115/><D115/><U55/><E43/><V44/><F44/><W79/><G79/><T90/><D87/><U41/><E41/><V64/><F64/><W52/><G52/><T107/><D19/><U50/><E45/><V128/><F128/><W131/><G131/><T8/><D16/><U105/><E129/><V31/><F31/><W82/><G82/><T1/><D83/><U91/><E55/><V48/><AGARI ba="2,2" hai="13,18,20,23,25,29,36,37,38,48,49,51,54,59" machi="48" ten="40,7800,0" yaku="1,1,0,1,53,1" doraHai="127" doraHaiUra="26" who="2" fromWho="2" sc="270,-28,126,-28,373,104,211,-28" /><INIT seed="2,3,0,2,2,99" ten="242,98,477,183" oya="2" hai0="127,87,52,26,126,70,13,5,24,31,122,67,134" hai1="82,93,98,107,39,116,119,12,57,85,89,120,69" hai2="103,108,113,54,63,37,106,61,50,64,74,21,56" hai3="91,112,20,110,105,132,1,84,36,40,27,3,34"/><V95/><F106/><W45/><G105/><T65/><D122/><U32/><E69/><V78/><F113/><W17/><G112/><T125/><D134/><U79/><E32/><V118/><F118/><W133/><G110/><T60/><D67/><U23/><E39/><V33/><F33/><W81/><REACH who="3" step="1"/><G34/><REACH who="3" ten="242,98,477,173" step="2"/><T8/><D126/><U43/><E107/><V109/><F108/><W30/><G30/><T121/><D31/><U53/><E120/><V4/><F109/><W101/><G101/><T62/><D121/><U115/><E115/><V83/><F103/><W55/><G55/><T42/><D125/><U117/><E43/><V14/><F54/><W9/><G9/><T28/><D127/><U80/><E23/><V46/><F21/><W77/><G77/><T15/><D28/><U18/><E12/><V72/><F14/><W96/><G96/><T129/><D15/><U11/><E11/><V51/><F78/><W135/><AGARI ba="3,1" hai="1,3,17,20,27,36,40,45,81,84,91,132,133,135" machi="135" ten="30,12000,2" yaku="1,1,0,1,20,1,53,3" doraHai="99" doraHaiUra="128" who="3" fromWho="3" sc="242,-33,98,-33,477,-63,173,139" /><INIT seed="3,0,0,1,4,135" ten="209,65,414,312" oya="3" hai0="4,30,105,25,46,39,23,17,43,100,131,11,111" hai1="104,62,109,112,53,122,132,19,36,31,18,70,37" hai2="64,44,59,63,2,95,34,124,113,116,114,119,133" hai3="26,16,24,55,49,47,66,9,98,89,128,134,42"/><W3/><G128/><T65/><D131/><U27/><E122/><V68/><F2/><W60/><G134/><T56/><D111/><U13/><E132/><V7/><F34/><W15/><G3/><T6/><D105/><U106/><E112/><N who="2" m="43115" /><F7/><W45/><G89/><T61/><REACH who="0" step="1"/><D100/><REACH who="0" ten="199,65,414,312" step="2"/><U12/><E109/><V127/><F133/><W48/><REACH who="3" step="1"/><G98/><REACH who="3" ten="199,65,414,302" step="2"/><T130/><D130/><U21/><E106/><V82/><F119/><W22/><G22/><T87/><D87/><U91/><E104/><V94/><F116/><W33/><G33/><T123/><D123/><U129/><E129/><V20/><F20/><W78/><G78/><T75/><D75/><U72/><E72/><V90/><F90/><W99/><G99/><T79/><D79/><U77/><E77/><V29/><F127/><W35/><G35/><T118/><D118/><U101/><E101/><V83/><F124/><W54/><G54/><T81/><D81/><U76/><E76/><V73/><F83/><W93/><G93/><T1/><D1/><U103/><E103/><V84/><F73/><W50/><G50/><T51/><D51/><U120/><E120/><V58/><F94/><W85/><G85/><T67/><D67/><N who="1" m="41335" /><E91/><V115/><F95/><W28/><G28/><T8/><D8/><N who="1" m="6407" /><E53/><V40/><F29/><W97/><G97/><T108/><D108/><U32/><E37/><N who="2" m="21519" /><F115/><W14/><G14/><AGARI ba="0,2" hai="4,6,11,14,17,23,25,30,39,43,46,56,61,65" machi="14" ten="40,1300,0" yaku="1,1,53,0" doraHai="135" doraHaiUra="110" who="0" fromWho="3" sc="199,33,65,0,414,0,302,-13" /><INIT seed="4,0,0,5,1,133" ten="232,65,414,289" oya="0" hai0="75,14,15,63,103,1,128,42,119,83,47,78,67" hai1="12,124,66,45,87,135,19,51,106,53,73,96,123" hai2="31,23,39,37,117,24,36,62,79,55,50,81,54" hai3="97,115,10,113,46,125,114,43,74,41,65,99,94"/><T101/><D119/><U16/><E123/><V126/><F117/><W59/><G74/><T70/><D128/><U104/><E73/><V89/><F89/><W60/><G10/><T34/><D34/><U91/><E135/><V76/><F126/><W80/><G80/><T6/><D15/><U105/><E66/><V38/><N who="2" m="9216" /><DORA hai="98" /><V4/><F4/><W134/><G134/><T88/><D1/><U85/><E124/><V17/><F62/><W64/><G64/><T82/><D14/><U11/><REACH who="1" step="1"/><E19/><REACH who="1" ten="232,55,414,289" step="2"/><V27/><F17/><W0/><G125/><T109/><D75/><U2/><E2/><V116/><F116/><W84/><G0/><T57/><D67/><U108/><E108/><V3/><F3/><W7/><G115/><T132/><D109/><U120/><E120/><V129/><F129/><W9/><G114/><T26/><D132/><U107/><N who="1" m="26624" /><DORA hai="72" /><U30/><E30/><V33/><F31/><W118/><G118/><T130/><D130/><U8/><E8/><V21/><F33/><W100/><G113/><T110/><D110/><U102/><E102/><V48/><F21/><W112/><G112/><T13/><D103/><U68/><E68/><V32/><F23/><W131/><G9/><T95/><D70/><U121/><E121/><V58/><F32/><W69/><G131/><T90/><D101/><U25/><E25/><V18/><F18/><W92/><G100/><T5/><D26/><U122/><E122/><V56/><F24/><W93/><G69/><T29/><D29/><U35/><E35/><V22/><F27/><W40/><G65/><RYUUKYOKU ba="0,1" sc="232,-10,55,30,414,-10,289,-10" hai1="11,12,16,45,51,53,85,87,91,96" /><INIT seed="5,1,1,2,0,78" ten="222,85,404,279" oya="1" hai0="93,95,114,49,45,120,97,94,85,105,80,59,92" hai1="73,9,8,119,53,30,65,87,57,135,13,82,23" hai2="75,131,70,32,112,29,128,103,36,84,63,47,26" hai3="72,127,54,125,44,20,5,121,133,111,68,90,130"/><U24/><E119/><V123/><F103/><W56/><G72/><T14/><D114/><U50/><E73/><V124/><F112/><W118/><G118/><T79/><D120/><U58/><E135/><V96/><F96/><W116/><G133/><T38/><D105/><U107/><E107/><V88/><F75/><W86/><G116/><T55/><D14/><U25/><E25/><V10/><F123/><W11/><G121/><T15/><D15/><U126/><E126/><N who="3" m="48138" /><G68/><T106/><D106/><U89/><REACH who="1" step="1"/><E13/><REACH who="1" ten="222,75,404,279" step="2"/><V98/><F131/><W134/><G130/><T21/><N who="0" m="23552" /><DORA hai="129" /><T41/><REACH who="0" step="1"/><D21/><REACH who="0" ten="212,75,404,279" step="2"/><U46/><E46/><V35/><F47/><W104/><G44/><T71/><D71/><U77/><E77/><V91/><F124/><W76/><G104/><T40/><D40/><U60/><AGARI ba="1,3" hai="8,9,23,24,30,50,53,57,58,60,65,82,87,89" machi="60" ten="30,12000,1" yaku="1,1,0,1,8,1,52,1,53,1" doraHai="78,129" doraHaiUra="81,33" who="1" fromWho="1" sc="212,-41,75,153,404,-41,279,-41" /><INIT seed="5,2,0,3,3,118" ten="171,228,363,238" oya="1" hai0="63,11,64,37,93,134,112,0,127,92,53,97,68" hai1="8,26,52,130,81,88,2,33,85,80,117,6,38" hai2="32,74,111,82,56,84,83,60,86,119,106,9,51" hai3="49,48,69,20,36,15,58,89,40,87,16,96,108"/><U55/><E117/><V29/><F119/><W1/><G108/><T3/><D112/><U5/><E38/><V30/><F111/><W115/><G1/><T79/><D134/><U14/><E130/><V67/><F106/><W101/><G115/><T125/><D37/><U107/><E107/><V109/><F74/><W126/><G69/><T50/><D79/><U18/><E81/><N who="2" m="30731" /><F32/><W113/><G113/><T103/><D92/><U28/><E5/><V135/><F135/><W110/><G110/><T129/><D129/><U12/><E12/><V78/><F78/><W31/><G36/><T46/><REACH who="0" step="1"/><D11/><AGARI ba="2,0" hai="2,6,8,11,14,18,26,28,33,52,55,80,85,88" machi="11" ten="30,5800,0" yaku="7,1,54,2" doraHai="118" who="1" fromWho="0" sc="171,-64,228,64,363,0,238,0" /><INIT seed="5,3,0,0,1,53" ten="107,292,363,238" oya="1" hai0="57,14,22,67,19,124,72,2,12,49,90,110,11" hai1="68,6,8,128,82,25,43,105,36,18,51,135,7" hai2="116,54,107,28,127,88,23,103,120,35,42,60,66" hai3="95,50,75,55,64,32,133,131,63,104,122,40,100"/><U39/><E68/><V86/><F120/><W69/><G122/><T62/><D124/><U46/><E105/><V58/><F116/><W37/><G95/><T1/><D110/><U9/><E128/><V121/><F121/><W61/><G131/><T96/><D72/><U17/><E135/><V81/><F127/><W84/><G84/><T134/><D134/><U126/><E126/><V102/><F35/><W71/><G75/><T10/><D22/><U80/><E25/><N who="2" m="16447" /><F107/><W52/><G100/><N who="2" m="38441" /><F42/><W20/><G20/><T34/><D34/><U77/><E77/><V65/><AGARI ba="3,0" hai="54,58,60,65,66,81,86,88" m="38441,16447" machi="65" ten="30,4000,0" yaku="8,1,52,1,54,1" doraHai="53" who="2" fromWho="2" sc="107,-13,292,-23,363,49,238,-13" /><INIT seed="6,0,0,2,3,124" ten="94,269,412,225" oya="2" hai0="71,65,39,44,70,78,8,98,13,113,45,50,107" hai1="4,121,53,58,9,36,85,112,125,35,32,128,23" hai2="64,79,104,81,21,123,86,33,42,94,66,129,24" hai3="116,90,31,5,34,26,74,75,83,3,92,7,77"/><V133/><F104/><W15/><G116/><T63/><D107/><U110/><E110/><V76/><F123/><W54/><G75/><T55/><D98/><U88/><E36/><V19/><F133/><W14/><G54/><T103/><D103/><U41/><E41/><V117/><F117/><W100/><G100/><T95/><D78/><U96/><E125/><V28/><F129/><W17/><G14/><T102/><D95/><U48/><E121/><V37/><F79/><W46/><G46/><T127/><D102/><U56/><E112/><V101/><F37/><W131/><G131/><T10/><D127/><U38/><E38/><V68/><F42/><W43/><G43/><N who="0" m="22655" /><D8/><U134/><E128/><V93/><F68/><N who="0" m="26154" /><D13/><U52/><E96/><N who="2" m="59535" /><F33/><W122/><G122/><T106/><D10/><U80/><E134/><V40/><F40/><W60/><G3/><T97/><D97/><U11/><E23/><N who="2" m="15391" /><F94/><W118/><G118/><T69/><D106/><U0/><REACH who="1" step="1"/><E11/><REACH who="1" ten="94,259,412,225" step="2"/><V130/><F130/><W57/><G34/><T115/><D113/><U62/><AGARI ba="0,1" hai="0,4,9,32,35,48,52,53,56,58,62,80,85,88" machi="62" ten="20,12000,2" yaku="1,1,2,1,0,1,7,1,54,2,53,1" doraHai="124" doraHaiUra="1" who="1" fromWho="1" sc="94,-30,259,130,412,-60,225,-30" /><INIT seed="7,0,0,4,4,55" ten="64,389,352,195" oya="3" hai0="114,21,69,41,35,16,118,117,92,68,29,63,15" hai1="52,103,72,98,60,9,81,32,134,45,79,53,99" hai2="1,39,65,125,17,37,24,77,49,116,76,107,71" hai3="4,124,70,101,132,13,26,64,90,22,8,42,73"/><W34/><G73/><T94/><D41/><U121/><E121/><V66/><F116/><W133/><G42/><T5/><D117/><U40/><E32/><V109/><F1/><W89/><G101/><T100/><D118/><U83/><E134/><N who="3" m="51818" /><G70/><T14/><D114/><U126/><E126/><V7/><F7/><W86/><G124/><T58/><D35/><U11/><E99/><V119/><F119/><W27/><G64/><T120/><D120/><U78/><E60/><V131/><F125/><W130/><G130/><T43/><D43/><U38/><E11/><V3/><F3/><W123/><G123/><T25/><D5/><U97/><E9/><V106/><F71/><W74/><G74/><T84/><D92/><U112/><E112/><V28/><F131/><W47/><G47/><T44/><D44/><U128/><E128/><V6/><F66/><W115/><G115/><T51/><D51/><U54/><E103/><V20/><F49/><W36/><G36/><N who="2" m="13897" /><F65/><W91/><G34/><T111/><D111/><U23/><E23/><N who="2" m="15391" /><F109/><W93/><G26/><T50/><D50/><U61/><E61/><V75/><F75/><AGARI ba="0,0" hai="38,40,45,52,53,54,72,75,78,79,81,83,97,98" machi="75" ten="40,2600,0" yaku="9,1,54,1" doraHai="55" who="1" fromWho="2" sc="64,0,389,26,352,-26,195,0" owari="64,-44.0,415,51.0,326,13.0,195,-20.0" /></mjloggm>