<mjloggm ver="2.3"><GO type="169" lobby="0"/><UN n0="%36%39%33" n1="%E3%83%AB%E3%82%A2%E3%82%B4%E3%82%A4%E3%83%95" n2="%43%52%41%5A%59%42%45%45" n3="%E6%AD%A6%E7%94%B0%E8%88%9E%E5%BD%A9" dan="16,16,17,18" rate="2125.55,2109.65,2142.13,2326.93" sx="M,M,F,M"/><TAIKYOKU oya="0"/><BYE who="2" /><INIT seed="0,0,0,4,5,26" ten="250,250,250,250" oya="0" hai0="91,60,113,89,13,124,93,5,57,92,126,104,114" hai1="85,39,58,69,122,116,71,2,64,112,119,36,67" hai2="94,40,65,103,132,72,61,41,28,45,22,17,44" hai3="50,62,30,19,105,21,110,101,78,80,108,77,12"/><T9/><D104/><UN n2="%43%52%41%5A%59%42%45%45" /><U87/><E2/><V20/><F72/><W109/><G62/><T79/><D79/><U31/><E58/><V4/><F4/><W128/><G128/><T37/><D37/><U123/><REACH who="1" step="1"/><E31/><REACH who="1" ten="250,240,250,250" step="2"/><V95/><F28/><W84/><G30/><T25/><D114/><AGARI ba="0,1" hai="36,39,64,67,69,71,85,87,112,114,116,119,122,123" machi="114" ten="25,6400,0" yaku="1,1,2,1,22,2,53,0" doraHai="26" doraHaiUra="48" who="1" fromWho="0" sc="250,-64,240,74,250,0,250,0" /><INIT seed="1,0,0,3,0,100" ten="186,314,250,250" oya="1" hai0="80,68,91,123,62,56,89,77,122,116,120,22,121" hai1="86,16,129,15,76,70,37,23,65,1,12,21,119" hai2="31,54,32,34,29,24,84,35,83,82,14,28,38" hai3="44,92,41,118,112,66,73,103,45,11,61,132,107"/><U48/><E119/><V36/><F14/><W133/><G112/><T18/><D68/><U115/><E115/><V102/><F24/><W39/><G73/><T101/><D101/><U126/><E37/><V93/><F54/><W57/><G118/><T131/><D131/><U55/><E1/><V130/><F130/><W46/><G92/><T105/><D105/><U87/><E129/><V60/><F60/><W97/><REACH who="3" step="1"/><G11/><REACH who="3" ten="186,314,250,240" step="2"/><T79/><D116/><U26/><E126/><V10/><F10/><W90/><G90/><T98/><D89/><U64/><E70/><V117/><F117/><W81/><G81/><T27/><D80/><N who="1" m="47367" /><E87/><V40/><F83/><W49/><G49/><T114/><D114/><U50/><E50/><V104/><F93/><W43/><G43/><T96/><D121/><U47/><E12/><V8/><F40/><W7/><G7/><T25/><D91/><U17/><AGARI ba="0,1" hai="15,16,17,21,23,26,47,48,55,64,65" m="47367" machi="17" ten="30,3000,0" yaku="8,1,54,1" doraHai="100" who="1" fromWho="1" sc="186,-10,314,40,250,-10,240,-10" /><INIT seed="1,1,0,4,5,126" ten="176,354,240,230" oya="1" hai0="93,114,79,58,10,45,60,92,103,13,118,83,50" hai1="6,56,88,112,121,73,97,113,23,14,95,2,17" hai2="26,24,120,43,75,37,42,133,125,122,16,110,53" hai3="1,61,12,85,74,131,76,82,54,119,0,134,65"/><U27/><E121/><V104/><F75/><W41/><G134/><T66/><D114/><U9/><E73/><V72/><F72/><W25/><G119/><T30/><D30/><U100/><E100/><V90/><F104/><W46/><G54/><T40/><D103/><U36/><E36/><V99/><F125/><W81/><G12/><T86/><REACH who="0" step="1"/><D118/><REACH who="0" ten="166,354,240,230" step="2"/><U31/><REACH who="1" step="1"/><E56/><REACH who="1" ten="166,344,240,230" step="2"/><V59/><F59/><W33/><G74/><T127/><D127/><U130/><E130/><V64/><F122/><W116/><G131/><T3/><D3/><U105/><E105/><V87/><F120/><W8/><G0/><T55/><D55/><U57/><E57/><V135/><F53/><W77/><G1/><T62/><D62/><U91/><E91/><V132/><F90/><W69/><G61/><T15/><D15/><U47/><E47/><V19/><F132/><W21/><G46/><T128/><D128/><U123/><E123/><V115/><F133/><W63/><G63/><T84/><D84/><U102/><E102/><V35/><F87/><W22/><G85/><T80/><D80/><U71/><E71/><V129/><F135/><W7/><G69/><T106/><D106/><U70/><E70/><V38/><F129/><W11/><G82/><T28/><D28/><U78/><E78/><V39/><F115/><W34/><G81/><T32/><D32/><AGARI ba="1,2" hai="2,6,9,14,17,23,27,31,32,88,95,97,112,113" machi="32" ten="30,18000,2" yaku="1,1,7,1,24,2,54,1,53,1" doraHai="126" doraHaiUra="94" who="1" fromWho="0" sc="166,-183,344,203,240,0,230,0" owari="-17,-52.0,547,65.0,240,4.0,230,-17.0" /></mjloggm>