<mjloggm ver="2.3"><GO type="169" lobby="0"/><UN n0="%E3%81%AF%E3%81%9A%E3%82%8C%E3%83%A1%E3%82%BF%E3%83%AB" n1="%EF%BC%8A%E7%B4%97%E5%BC%A5%E8%8F%AF%EF%BC%8A" n2="%E6%B2%B3%E7%AB%A5%E3%81%AE%E3%83%AF%E3%82%AB%E3%83%9E%E3%83%84" n3="%E3%81%B2%E3%81%8B%E3%81%B2%E3%81%8B" dan="17,17,18,16" rate="2222.41,2153.07,2244.39,2138.91" sx="M,F,M,M"/><TAIKYOKU oya="0"/><INIT seed="0,0,0,4,2,9" ten="250,250,250,250" oya="0" hai0="110,76,7,101,118,84,3,94,99,21,27,95,51" hai1="69,100,12,33,82,54,106,50,70,43,86,120,47" hai2="19,109,129,68,18,91,102,32,135,116,1,57,113" hai3="4,58,115,128,133,89,96,79,46,92,30,8,11"/><T73/><D118/><U40/><E33/><V6/><F68/><W63/><G115/><T17/><D110/><U65/><E120/><V77/><F102/><W28/><G128/><T117/><D117/><U132/><E132/><V122/><F116/><W15/><G133/><T34/><D34/><U119/><E119/><V56/><F135/><W83/><G46/><T45/><D73/><U66/><E100/><V72/><F32/><W62/><G11/><T42/><D3/><U52/><E106/><V121/><F91/><W98/><G98/><T29/><D7/><U44/><E12/><V124/><F124/><W67/><REACH who="3" step="1"/><G62/><REACH who="3" ten="250,250,250,240" step="2"/><T123/><D123/><U114/><E114/><V16/><F129/><W13/><G13/><T127/><D127/><U64/><E86/><AGARI ba="0,1" hai="4,8,15,28,30,58,63,67,79,83,86,89,92,96" machi="86" ten="30,8000,1" yaku="1,1,7,1,8,1,52,1,53,1" doraHai="9" doraHaiUra="5" who="3" fromWho="1" sc="250,0,250,-80,250,0,240,90" /><INIT seed="1,0,0,4,1,84" ten="250,170,250,330" oya="1" hai0="115,117,57,93,4,120,8,1,27,130,76,92,22" hai1="90,29,128,108,91,50,45,94,34,40,85,26,21" hai2="9,12,54,36,37,53,122,35,46,110,123,124,30" hai3="102,103,24,44,32,99,111,104,61,65,28,121,106"/><U86/><E128/><V25/><F110/><W17/><G111/><T71/><D115/><U87/><E108/><V10/><F124/><W67/><G67/><T126/><D71/><U81/><REACH who="1" step="1"/><E34/><REACH who="1" ten="250,160,250,330" step="2"/><V80/><F35/><W105/><G121/><T101/><D130/><U58/><E58/><V73/><F123/><W60/><G60/><T31/><D57/><U96/><AGARI ba="0,1" hai="21,26,29,40,45,50,81,85,86,87,90,91,94,96" machi="96" ten="20,18000,2" yaku="1,1,0,1,7,1,8,1,52,2,53,0" doraHai="84" doraHaiUra="52" who="1" fromWho="1" sc="250,-60,160,190,250,-60,330,-60" /><INIT seed="1,1,0,2,4,35" ten="190,350,190,270" oya="1" hai0="122,119,99,11,123,102,18,32,66,87,47,3,5" hai1="128,71,113,28,63,135,90,89,80,36,12,38,121" hai2="114,10,117,61,43,52,105,55,42,27,8,106,92" hai3="75,68,20,120,15,6,115,93,85,1,64,46,67"/><U58/><E121/><V82/><F117/><W127/><G75/><T54/><D119/><U25/><E113/><V110/><F114/><W23/><G1/><T96/><D32/><U108/><E71/><V70/><F110/><W26/><G127/><T7/><D66/><U69/><E69/><V112/><F112/><W111/><G111/><T91/><D18/><U13/><E108/><V126/><F92/><W116/><G68/><T16/><D102/><U4/><E135/><V94/><F94/><W125/><G125/><T73/><D73/><U95/><E80/><V34/><F82/><W60/><G60/><T74/><D74/><U130/><E90/><V101/><F126/><W14/><G116/><T104/><D104/><U88/><E89/><V81/><F81/><W2/><G2/><T33/><D33/><N who="1" m="20623" /><E4/><V86/><F86/><W31/><G6/><T22/><D7/><U62/><E38/><V19/><F70/><W57/><G85/><T131/><D54/><N who="1" m="34135" /><E63/><V30/><F61/><W0/><G120/><T118/><D118/><U29/><E29/><V129/><F30/><W97/><G64/><T56/><D122/><U78/><E36/><V124/><F124/><W59/><G67/><T134/><D123/><U107/><E78/><V40/><F34/><W37/><G115/><T76/><D5/><U45/><E107/><N who="2" m="40971" /><F101/><N who="3" m="60591" /><G20/><T79/><D22/><U24/><E24/><V48/><F27/><W103/><G103/><T100/><D100/><U53/><E13/><N who="3" m="4618" /><G0/><T109/><D3/><U50/><E12/><N who="2" m="7559" /><F10/><W132/><G132/><T72/><D134/><U77/><E77/><RYUUKYOKU ba="1,0" sc="190,-15,350,15,190,-15,270,15" hai1="45,50,53,88,95,128,130" hai3="23,26,31,37,46,57,59" /><INIT seed="1,2,0,0,0,57" ten="175,365,175,285" oya="1" hai0="91,55,31,62,74,21,50,115,127,109,114,38,1" hai1="70,83,131,23,2,39,69,52,122,119,97,103,75" hai2="112,116,16,7,51,67,124,117,19,120,93,84,29" hai3="82,20,102,10,18,4,42,45,87,49,78,3,126"/><U118/><E122/><V46/><F120/><W125/><REACH who="3" step="1"/><G102/><REACH who="3" ten="175,365,175,275" step="2"/><T85/><D115/><U111/><E103/><V90/><F112/><W12/><AGARI ba="2,1" hai="3,4,10,12,18,20,42,45,49,78,82,87,125,126" machi="12" ten="30,7900,0" yaku="21,2,2,1,0,1,53,0" doraHai="57" doraHaiUra="129" who="3" fromWho="3" sc="175,-22,365,-41,175,-22,275,95" /><INIT seed="2,0,0,4,0,86" ten="153,324,153,370" oya="2" hai0="57,41,96,79,17,76,26,59,30,47,25,126,12" hai1="65,51,132,108,99,130,118,8,16,35,29,134,92" hai2="43,77,81,24,84,117,104,116,55,112,123,66,67" hai3="135,121,128,80,53,40,38,45,109,82,70,14,9"/><V133/><F112/><W125/><G121/><T36/><D126/><U120/><E118/><V1/><F123/><W106/><G70/><T124/><D124/><U50/><E120/><V52/><F133/><N who="1" m="51305" /><E65/><V2/><F104/><W28/><G106/><T56/><D96/><U68/><E68/><V90/><F43/><W37/><G37/><T33/><REACH who="0" step="1"/><D26/><REACH who="0" ten="143,324,153,370" step="2"/><N who="1" m="18871" /><E130/><V75/><F24/><W87/><G128/><T23/><AGARI ba="0,1" hai="12,17,23,25,30,33,36,41,47,56,57,59,76,79" machi="23" ten="30,2000,0" yaku="1,1,0,1,53,0" doraHai="86" doraHaiUra="83" who="0" fromWho="0" sc="143,30,324,-5,153,-10,370,-5" /><INIT seed="3,0,0,1,2,52" ten="173,319,143,365" oya="3" hai0="133,124,112,47,94,119,65,7,37,13,128,104,62" hai1="82,42,132,86,88,75,122,34,123,6,20,100,116" hai2="69,3,33,129,30,43,111,91,48,57,105,77,114" hai3="70,89,40,90,0,61,78,58,81,93,56,87,9"/><W115/><G115/><T8/><D119/><U60/><E34/><V117/><F117/><W96/><G40/><T64/><D104/><U28/><E116/><V113/><F69/><W32/><G32/><T85/><D112/><U23/><E132/><V16/><F3/><W80/><G70/><T120/><D120/><U99/><E42/><V63/><F105/><W39/><G39/><T45/><D133/><U101/><E6/><V46/><F111/><W103/><G0/><T26/><D124/><U84/><E100/><V38/><F38/><W95/><G9/><T109/><D109/><U135/><E135/><V12/><F129/><W83/><G56/><T131/><D65/><U106/><E84/><V71/><F71/><W130/><G130/><N who="0" m="49707" /><D37/><U55/><E28/><V1/><F1/><W36/><G36/><T134/><D134/><U41/><E41/><V76/><F113/><W27/><G27/><T29/><D94/><U67/><E55/><N who="2" m="34239" /><F33/><W79/><REACH who="3" step="1"/><G103/><REACH who="3" ten="173,319,143,355" step="2"/><T108/><D108/><U24/><E123/><V121/><F121/><W25/><G25/><T50/><D26/><U51/><E24/><V14/><F114/><W35/><G35/><T68/><D29/><U5/><E122/><V10/><F30/><W54/><AGARI ba="0,1" hai="54,58,61,78,79,80,81,83,87,89,90,93,95,96" machi="54" ten="30,11700,0" yaku="1,1,0,1,8,1,52,1,53,0" doraHai="52" doraHaiUra="107" who="3" fromWho="3" sc="173,-39,319,-39,143,-39,355,127" /><INIT seed="3,1,0,5,0,23" ten="134,280,104,482" oya="3" hai0="77,53,90,50,130,62,22,125,37,134,43,51,32" hai1="52,57,97,11,108,24,93,84,28,12,106,6,21" hai2="7,116,74,85,35,33,76,86,100,18,68,99,83" hai3="121,46,131,49,69,82,36,78,102,10,72,47,104"/><W44/><G69/><T87/><D32/><U89/><E106/><V54/><F116/><W59/><G36/><T103/><D125/><U133/><E108/><V94/><F68/><W63/><G131/><T9/><D134/><U27/><E133/><V5/><F35/><W120/><G49/><T4/><D103/><N who="1" m="60847" /><E21/><V48/><F33/><W25/><G10/><T20/><D130/><U19/><E6/><V126/><F126/><W16/><G102/><T110/><D110/><U95/><E28/><V92/><F18/><W2/><G104/><T88/><D37/><U13/><E12/><V1/><F1/><W42/><G2/><T70/><D77/><U91/><E89/><N who="2" m="53295" /><F74/><W40/><G40/><T128/><D128/><U111/><E111/><V55/><F55/><W39/><G42/><T122/><D122/><U26/><E26/><V96/><F96/><W115/><G39/><T67/><D43/><U101/><E101/><V75/><F75/><W71/><G71/><T17/><D90/><U127/><E127/><V61/><F61/><AGARI ba="1,0" hai="11,13,19,24,27,52,57,61,84,91,95" m="60847" machi="61" ten="30,7700,0" yaku="8,1,52,2,54,1" doraHai="23" who="1" fromWho="2" sc="134,0,280,80,104,-80,482,0" /><INIT seed="4,0,0,1,3,54" ten="134,360,24,482" oya="0" hai0="89,44,104,87,77,92,106,131,36,22,69,93,7" hai1="13,133,16,82,108,114,21,19,84,32,45,41,29" hai2="112,88,60,105,126,55,73,74,6,28,14,52,58" hai3="43,31,95,11,80,25,94,113,97,111,103,24,37"/><T46/><D69/><U3/><E108/><V27/><F105/><W70/><G70/><T122/><D122/><U120/><E120/><V128/><F112/><W51/><G37/><T86/><D131/><U67/><E3/><V53/><F128/><W39/><G39/><T50/><D7/><U65/><E114/><V47/><F126/><W76/><G113/><T64/><D64/><U10/><E133/><V90/><F73/><W118/><G11/><T85/><D85/><U116/><E29/><V61/><F74/><W134/><G134/><T8/><D8/><U109/><E32/><V66/><F60/><W38/><G38/><T18/><D36/><U62/><E62/><V12/><F47/><W34/><G25/><T40/><D46/><U124/><E124/><V26/><F26/><W83/><G83/><T9/><D9/><U56/><E109/><V127/><F6/><W79/><G79/><T35/><D35/><U99/><E99/><V101/><F101/><W1/><G97/><T125/><D125/><U75/><E75/><V57/><F57/><W78/><G103/><T98/><D77/><N who="1" m="46159" /><E56/><V4/><F4/><W23/><G34/><T119/><D119/><U130/><E116/><V17/><F127/><W123/><G76/><T132/><D132/><U129/><E129/><V5/><F5/><W100/><G78/><T63/><D63/><U107/><E107/><N who="0" m="41001" /><D93/><U71/><E71/><V2/><F2/><W48/><G95/><T115/><D115/><U135/><E135/><V15/><F28/><W121/><G31/><T59/><D59/><U0/><E130/><RYUUKYOKU ba="0,0" sc="134,15,360,-15,24,15,482,-15" hai0="18,22,40,44,50,86,87,89,92,98" hai2="12,14,15,17,27,52,53,55,58,61,66,88,90" /><INIT seed="4,1,0,4,5,54" ten="149,345,39,467" oya="0" hai0="113,91,78,48,18,92,58,27,134,118,69,25,108" hai1="30,13,129,61,94,117,97,87,64,124,52,57,66" hai2="44,0,99,95,11,32,114,59,55,20,46,60,79" hai3="93,111,84,110,71,36,45,50,23,29,22,73,75"/><T83/><D118/><U102/><E117/><V116/><F32/><W3/><G36/><T81/><D69/><U121/><E121/><V98/><F116/><W40/><G3/><T70/><D70/><U31/><E129/><V49/><F114/><W100/><G71/><T112/><D134/><U43/><E124/><V42/><F79/><W7/><G7/><T33/><D108/><U72/><E72/><V135/><F135/><W115/><G115/><N who="0" m="44107" /><D33/><U90/><E43/><V19/><F46/><W35/><G22/><N who="0" m="13527" /><D27/><U88/><E90/><V119/><F119/><W24/><G35/><T63/><D48/><U77/><E77/><V74/><F74/><W122/><G75/><T15/><D15/><U14/><E14/><V28/><F28/><N who="1" m="10793" /><E13/><V123/><F123/><W56/><G29/><T9/><D9/><U96/><E96/><V4/><REACH who="2" step="1"/><F95/><AGARI ba="1,0" hai="52,57,61,64,66,87,88,94,95,97,102" m="10793" machi="95" ten="30,7700,0" yaku="8,1,52,1,54,2" doraHai="54" who="1" fromWho="2" sc="149,0,345,80,39,-80,467,0" owari="149,-25.0,425,23.0,-41,-54.0,467,56.0" /></mjloggm>