<mjloggm ver="2.3"><GO type="169" lobby="0"/><UN n0="%42%65%6E%63%68%69%6E%67" n1="%E3%81%A8%E3%82%8A%E3%81%82%E3%81%88%E3%81%9A%E3%83%93%E3%83%BC%E3%83%AB" n2="%6D%61%73%5F" n3="%69%50%68%6F%6E%65%31" dan="18,16,18,16" rate="2242.09,2115.00,2253.41,2108.61" sx="M,M,M,M"/><TAIKYOKU oya="0"/><INIT seed="0,0,0,0,2,34" ten="250,250,250,250" oya="0" hai0="15,11,7,42,82,103,37,108,53,14,71,33,0" hai1="16,133,1,12,18,41,52,95,76,85,29,113,122" hai2="28,19,4,45,69,9,3,59,91,107,87,106,102" hai3="74,46,132,77,36,127,39,105,49,104,110,43,67"/><T31/><D71/><U120/><E133/><V117/><F69/><W97/><G110/><T51/><D108/><U68/><E68/><V79/><F117/><W20/><G132/><T65/><D103/><U94/><E41/><V48/><F79/><W24/><G67/><T112/><D65/><U13/><E29/><V118/><F118/><W54/><G127/><T116/><D116/><U72/><E85/><V40/><F102/><W135/><G135/><T89/><D112/><U84/><E84/><V98/><F98/><W123/><G123/><T75/><D33/><U62/><E62/><V101/><F101/><W17/><G97/><T130/><D31/><U99/><E99/><V63/><F19/><W60/><G60/><T56/><D89/><U121/><E121/><V8/><F9/><W78/><G39/><T55/><D55/><U80/><E113/><V124/><F28/><W129/><G129/><T81/><D130/><U92/><E52/><V93/><REACH who="2" step="1"/><F124/><REACH who="2" ten="250,250,240,250" step="2"/><W57/><G78/><N who="0" m="44255" /><D82/><U47/><E122/><V2/><F2/><W64/><G77/><T27/><D27/><U134/><E120/><V73/><F73/><W115/><G115/><T83/><D83/><U100/><E1/><V10/><F10/><W114/><G114/><T86/><D86/><U23/><E100/><V126/><F126/><W119/><G119/><T96/><D96/><U111/><E134/><V128/><F128/><W25/><G74/><T6/><D7/><U5/><E5/><V44/><F44/><AGARI ba="0,1" hai="0,6,11,14,15,37,42,44,51,53,56" m="44255" machi="44" ten="30,2900,0" yaku="25,1,52,1" doraHai="34" who="0" fromWho="2" sc="250,39,250,0,240,-29,250,0" /><INIT seed="0,1,0,0,1,36" ten="289,250,211,250" oya="0" hai0="15,33,102,98,63,38,24,130,52,125,81,64,39" hai1="8,76,95,123,29,111,59,87,114,35,70,7,90" hai2="56,62,23,9,135,92,32,117,49,65,66,57,50" hai3="55,22,16,84,88,20,127,4,25,131,103,27,11"/><T128/><D125/><U132/><E111/><V21/><F32/><W118/><G131/><N who="0" m="50219" /><D81/><U105/><E70/><V5/><F135/><W126/><G118/><T113/><D15/><U97/><E132/><V93/><F117/><W53/><G103/><T94/><D113/><U119/><E123/><V61/><REACH who="2" step="1"/><F9/><REACH who="2" ten="289,250,201,250" step="2"/><W73/><G127/><T51/><D33/><U17/><E119/><V1/><F1/><W6/><G126/><T37/><D24/><U80/><E35/><V101/><F101/><W83/><G73/><T13/><D13/><U60/><E8/><V41/><F41/><W110/><G110/><T104/><D104/><U121/><E105/><V106/><F106/><W77/><G77/><T85/><D85/><U19/><E121/><V89/><F89/><W74/><G74/><T78/><D78/><U12/><E114/><V54/><F54/><N who="3" m="20491" /><G11/><T68/><D102/><U79/><E79/><V30/><F30/><AGARI ba="1,1" hai="4,6,16,20,22,25,27,30,83,84,88" m="20491" machi="30" ten="30,3900,0" yaku="8,1,54,2" doraHai="36" who="3" fromWho="2" sc="289,0,250,0,201,-42,250,52" /><INIT seed="1,0,0,5,2,123" ten="289,250,159,302" oya="1" hai0="126,67,133,47,109,32,134,36,99,25,19,74,33" hai1="94,50,121,64,118,116,106,44,27,102,45,89,13" hai2="92,91,63,62,83,114,130,81,68,16,24,1,93" hai3="66,88,60,100,22,78,111,75,112,69,49,72,42"/><U43/><E121/><V51/><F1/><W48/><G112/><T17/><D74/><U85/><E64/><V122/><F122/><W26/><G100/><T110/><D67/><U21/><E13/><V135/><F114/><W87/><G111/><N who="0" m="42507" /><D126/><U3/><E3/><V9/><F51/><W117/><G78/><T82/><D82/><U79/><E79/><V115/><F63/><W14/><G14/><T57/><D57/><U2/><E2/><V127/><F62/><W119/><G75/><T97/><D97/><U103/><E45/><V12/><F12/><W70/><G72/><T4/><D99/><U96/><E103/><V80/><F83/><W31/><G70/><T86/><D86/><U7/><E7/><V30/><F81/><W107/><G107/><T10/><D36/><U120/><E120/><V6/><F80/><W95/><REACH who="3" step="1"/><G42/><REACH who="3" ten="289,250,159,292" step="2"/><T46/><D134/><U59/><E118/><AGARI ba="0,1" hai="22,26,31,48,49,60,66,69,87,88,95,117,118,119" machi="118" ten="40,8000,1" yaku="1,1,2,1,12,1,54,1,53,0" doraHai="123" doraHaiUra="15" who="3" fromWho="1" sc="289,0,250,-80,159,0,292,90" /><INIT seed="2,0,0,2,5,96" ten="289,170,159,382" oya="2" hai0="10,42,31,70,132,100,107,130,13,60,66,106,0" hai1="3,110,58,134,36,128,54,87,61,16,90,25,39" hai2="22,118,122,108,1,127,29,5,35,49,113,26,33" hai3="40,23,12,46,69,37,43,57,83,21,111,123,32"/><V52/><F113/><W50/><G32/><T15/><D132/><U11/><E134/><V4/><F122/><W75/><G69/><T24/><D130/><U27/><E128/><V48/><F118/><W98/><G111/><T105/><D42/><U67/><E110/><V76/><F108/><W68/><G68/><T19/><D15/><U9/><E3/><V47/><F127/><W114/><G123/><T81/><D81/><U104/><E104/><V93/><F76/><W18/><G114/><T112/><D112/><U131/><E131/><V28/><F93/><W124/><G124/><T120/><D120/><U78/><E78/><V103/><F103/><W85/><G75/><T71/><D71/><U121/><E121/><V14/><F1/><W95/><G57/><T34/><REACH who="0" step="1"/><D0/><REACH who="0" ten="279,170,159,382" step="2"/><U41/><E41/><V38/><F14/><W45/><G12/><T7/><D7/><U102/><E36/><V119/><F38/><W80/><G80/><T77/><D77/><U30/><E39/><V56/><F119/><W89/><REACH who="3" step="1"/><G18/><REACH who="3" ten="279,170,159,372" step="2"/><T82/><D82/><U126/><E16/><V125/><F125/><W88/><AGARI ba="0,2" hai="21,23,37,40,43,45,46,50,83,85,88,89,95,98" machi="88" ten="20,8000,1" yaku="1,1,2,1,0,1,7,1,54,1,53,0" doraHai="96" doraHaiUra="20" who="3" fromWho="3" sc="279,-20,170,-20,159,-40,372,100" /><INIT seed="3,0,0,0,3,59" ten="259,150,119,472" oya="3" hai0="128,12,126,47,31,20,58,57,36,80,0,3,110" hai1="7,39,93,123,113,84,27,76,96,132,65,117,55" hai2="78,4,91,11,71,41,68,99,108,107,56,130,61" hai3="125,102,72,92,2,82,60,9,97,51,75,118,95"/><W94/><G118/><T66/><D126/><U134/><E123/><V17/><F108/><W103/><G125/><T26/><D128/><U87/><E39/><V49/><F130/><W88/><G51/><T14/><D110/><U42/><E42/><V8/><F78/><W33/><G33/><T22/><D80/><U100/><E7/><V109/><F109/><W111/><G111/><T116/><D116/><U89/><E55/><V120/><F120/><W10/><G60/><T90/><D90/><U35/><E27/><V32/><F32/><W104/><G10/><T25/><D36/><U63/><E35/><V79/><F79/><W129/><G9/><T54/><D66/><U83/><E113/><V135/><F135/><W1/><G2/><T122/><D122/><U28/><E28/><V127/><F127/><W13/><G13/><T23/><D23/><U114/><E114/><V64/><F91/><W62/><G62/><T105/><D105/><U19/><E19/><V77/><F77/><W98/><G1/><T21/><D21/><U52/><E52/><V6/><F17/><W46/><G46/><T37/><D37/><U124/><E124/><V67/><F64/><W86/><G129/><T29/><REACH who="0" step="1"/><D54/><REACH who="0" ten="249,150,119,472" step="2"/><U5/><E117/><V24/><F67/><W81/><G81/><T115/><D115/><U50/><E134/><V40/><F4/><W44/><G44/><AGARI ba="0,1" hai="0,3,12,14,20,22,25,26,29,31,44,47,57,58" machi="44" ten="25,3200,0" yaku="1,1,22,2,53,0" doraHai="59" doraHaiUra="15" who="0" fromWho="3" sc="249,42,150,0,119,0,472,-32" /><INIT seed="4,0,0,0,3,37" ten="291,150,119,440" oya="0" hai0="83,32,10,91,74,33,89,108,135,31,65,73,98" hai1="123,16,130,126,77,114,4,66,19,92,112,51,18" hai2="38,115,36,40,57,34,13,17,62,20,63,76,99" hai3="7,117,122,97,93,56,127,129,105,131,12,121,87"/><T26/><D135/><U72/><E123/><N who="3" m="47114" /><G56/><T111/><D65/><U119/><E119/><V71/><F115/><N who="1" m="44073" /><E130/><N who="3" m="49674" /><G12/><T95/><D32/><U128/><E128/><V2/><F2/><W88/><G7/><T107/><D107/><U133/><E133/><V39/><F34/><W118/><G127/><T116/><D116/><U47/><E126/><V60/><F76/><W79/><G79/><T70/><D70/><U102/><E4/><V68/><F99/><W28/><G28/><T59/><D59/><U30/><E30/><V80/><F80/><W55/><G55/><T109/><D10/><U43/><E66/><V52/><REACH who="2" step="1"/><F40/><REACH who="2" ten="291,150,109,440" step="2"/><W86/><G87/><AGARI ba="0,1" hai="26,31,33,73,74,83,87,89,91,95,98,108,109,111" machi="87" ten="40,2000,0" yaku="10,1" doraHai="37" who="0" fromWho="3" sc="291,30,150,0,109,0,440,-20" /><INIT seed="4,1,0,4,5,67" ten="321,150,109,420" oya="0" hai0="117,96,31,20,106,33,99,36,65,54,113,10,118" hai1="100,81,38,11,110,13,75,5,123,121,26,102,63" hai2="71,89,94,84,48,72,114,68,127,6,47,88,116" hai3="42,86,45,2,37,108,80,17,124,58,87,103,130"/><T61/><D113/><U93/><E110/><V30/><F72/><W78/><G108/><T135/><D135/><U115/><E38/><V16/><F114/><W4/><G124/><T134/><D134/><U69/><E115/><V0/><F127/><W23/><G130/><T21/><D36/><U32/><E81/><V49/><F30/><W107/><G58/><T29/><D54/><U111/><E75/><V105/><F105/><W131/><G131/><T19/><D10/><U44/><E44/><V41/><F116/><W60/><G60/><T50/><D50/><U35/><E111/><V56/><F6/><W76/><G103/><T101/><D99/><U1/><E1/><V74/><F74/><W128/><G107/><T51/><D51/><U122/><E100/><V120/><F0/><W104/><G104/><T53/><D53/><U40/><E40/><V28/><F28/><W22/><G22/><T132/><D29/><U129/><E26/><V24/><F120/><W90/><G87/><T55/><D55/><U18/><E5/><V46/><F56/><W91/><G78/><T43/><D43/><U52/><E129/><V82/><F48/><W85/><G85/><T95/><D132/><U39/><E39/><V59/><F59/><W92/><G128/><T119/><D106/><U57/><REACH who="1" step="1"/><E69/><REACH who="1" ten="321,140,109,420" step="2"/><V125/><F47/><W73/><G2/><T14/><D14/><U34/><E34/><V62/><F125/><W12/><G4/><T64/><D33/><U98/><AGARI ba="1,1" hai="11,13,18,32,35,52,57,63,93,98,102,121,122,123" machi="98" ten="40,8000,1" yaku="1,1,0,1,54,1,53,1" doraHai="67" doraHaiUra="15" who="1" fromWho="1" sc="321,-41,140,93,109,-21,420,-21" /><INIT seed="5,0,0,1,2,104" ten="280,233,88,399" oya="1" hai0="90,42,79,20,131,123,21,108,3,125,107,47,74" hai1="63,98,92,111,88,24,28,9,14,134,22,29,77" hai2="96,11,72,1,99,135,121,15,48,106,37,57,41" hai3="114,58,13,86,129,33,110,133,120,82,80,130,45"/><U122/><E122/><V8/><F121/><W49/><G110/><T0/><D108/><U91/><E134/><V132/><F37/><W25/><G120/><T18/><D107/><U16/><E111/><V119/><F119/><W46/><G114/><T43/><D123/><U27/><E77/><V73/><F106/><W66/><G13/><T4/><D125/><U26/><E63/><V115/><F115/><W23/><G33/><T51/><D131/><N who="3" m="50185" /><G82/><T118/><D118/><U84/><E29/><V94/><F1/><W103/><G103/><T56/><D42/><U61/><E61/><V31/><F31/><W19/><G133/><N who="2" m="51273" /><F11/><W5/><G5/><T67/><D90/><U126/><E126/><V97/><F94/><AGARI ba="0,0" hai="9,14,16,22,24,26,27,28,84,88,91,92,94,98" machi="94" ten="30,11600,0" yaku="7,1,8,1,54,2" doraHai="104" who="1" fromWho="2" sc="280,0,233,116,88,-116,399,0" owari="280,-12.0,349,15.0,-28,-53.0,399,50.0" /></mjloggm>