<mjloggm ver="2.3"><GO type="169" lobby="0"/><UN n0="%E4%BC%8A%E8%97%A4%E4%B8%87%E7%90%86%E8%8F%AF" n1="%E9%BE%8D%E9%96%80%E6%B8%95%E9%80%8F%E8%8F%AF" n2="%46%4C%41%4D%45" n3="%E3%82%8A%E3%82%80%E3%81%A1%E3%82%88%E3%82%8D%E3%81%A3" dan="17,17,17,16" rate="2215.97,2155.25,2204.78,2151.26" sx="F,F,M,M"/><TAIKYOKU oya="0"/><BYE who="3" /><INIT seed="0,0,0,0,4,82" ten="250,250,250,250" oya="0" hai0="53,79,0,17,10,108,57,46,84,55,94,105,9" hai1="129,12,87,69,107,39,22,115,21,24,54,99,127" hai2="49,13,67,123,62,14,86,25,60,130,73,61,8" hai3="114,104,90,126,44,3,119,81,5,95,41,111,112"/><T71/><D105/><UN n3="%E3%82%8A%E3%82%80%E3%81%A1%E3%82%88%E3%82%8D%E3%81%A3" /><U72/><E72/><V85/><F130/><W65/><G119/><T120/><D120/><U125/><E129/><V47/><F73/><W101/><G111/><T110/><BYE who="3" /><D71/><U42/><E115/><V121/><F121/><W48/><G48/><T93/><D0/><UN n3="%E3%82%8A%E3%82%80%E3%81%A1%E3%82%88%E3%82%8D%E3%81%A3" /><U16/><E69/><V63/><F123/><W58/><G126/><N who="1" m="48138" /><E54/><V6/><F25/><W98/><G5/><T29/><D29/><U131/><E131/><V2/><F2/><W56/><G3/><T77/><D57/><U43/><E39/><V51/><F14/><W50/><G81/><T76/><D76/><U106/><E87/><N who="2" m="33291" /><F47/><W20/><G20/><T80/><D80/><U26/><E26/><V113/><F113/><W18/><G18/><T96/><D17/><N who="1" m="12367" /><E99/><V89/><F89/><W132/><G112/><T40/><D46/><U23/><E23/><V30/><F30/><W97/><G114/><T133/><D96/><U32/><E32/><V128/><F128/><W88/><G98/><T100/><D84/><U19/><E19/><V78/><F78/><W64/><G104/><AGARI ba="0,0" hai="12,16,21,42,43,104,106,107" m="12367,48138" machi="104" ten="30,2000,0" yaku="18,1,54,1" doraHai="82" who="1" fromWho="3" sc="250,0,250,20,250,0,250,-20" /><INIT seed="1,0,0,5,5,36" ten="250,270,250,230" oya="1" hai0="80,53,113,48,35,82,64,70,18,95,59,52,6" hai1="41,40,11,115,119,39,17,12,42,56,14,20,135" hai2="129,89,69,81,92,87,24,8,125,60,9,58,23" hai3="26,67,33,134,120,107,127,76,46,32,54,65,1"/><U29/><E119/><V122/><F129/><W0/><G120/><T96/><D113/><U10/><E115/><V110/><F125/><W77/><G127/><T72/><D35/><U108/><E135/><V43/><F110/><W5/><G134/><T88/><D72/><U114/><E114/><V62/><F122/><W27/><G46/><T102/><D6/><U105/><E105/><V90/><F69/><W128/><G107/><T75/><D75/><U103/><E103/><V37/><F37/><W34/><G5/><T111/><D111/><U109/><E39/><V50/><F62/><W55/><REACH who="3" step="1"/><G34/><REACH who="3" ten="250,270,250,220" step="2"/><T126/><D126/><U123/><E123/><V112/><F112/><W118/><G118/><T4/><D4/><U31/><E56/><V79/><F58/><W63/><G63/><T22/><D70/><U28/><REACH who="1" step="1"/><E20/><REACH who="1" ten="250,260,250,220" step="2"/><V132/><F132/><W133/><G133/><T47/><D22/><U97/><E97/><V116/><F116/><W57/><G57/><T3/><D59/><U117/><E117/><V98/><F23/><W99/><G99/><T2/><D96/><U101/><E101/><V86/><F60/><W44/><G44/><T45/><D102/><U16/><AGARI ba="0,2" hai="10,11,12,14,16,17,28,29,31,40,41,42,108,109" machi="16" ten="40,24000,3" yaku="1,1,0,1,9,1,52,3,54,1,53,2" doraHai="36" doraHaiUra="13" who="1" fromWho="1" sc="250,-80,260,260,250,-80,220,-80" /><INIT seed="1,1,0,3,5,99" ten="170,520,170,140" oya="1" hai0="55,47,97,125,52,106,56,3,4,117,51,53,44" hai1="114,101,42,124,76,17,66,41,39,1,130,13,115" hai2="7,83,113,78,119,65,82,27,26,116,109,32,19" hai3="71,5,38,79,105,63,75,12,121,48,64,72,31"/><U133/><E133/><V128/><F65/><W67/><G121/><T34/><D34/><U110/><E130/><V107/><F107/><W102/><G38/><T127/><D3/><U103/><E124/><N who="0" m="47689" /><D4/><U104/><E1/><V59/><F59/><W98/><G67/><T112/><D112/><U6/><E6/><V100/><F7/><W0/><G12/><T123/><D123/><U23/><E104/><V30/><F32/><W54/><G79/><T60/><D117/><U95/><E110/><V33/><F33/><W69/><G69/><T81/><D81/><U80/><E66/><V77/><F19/><W120/><G31/><T57/><D106/><U45/><E42/><V87/><F30/><W62/><G62/><N who="0" m="36111" /><D97/><U16/><E17/><V108/><F113/><W74/><G120/><T21/><D21/><U49/><E39/><V129/><F87/><W14/><G14/><T96/><D96/><U90/><E115/><V91/><F91/><W126/><G126/><T58/><AGARI ba="1,0" hai="44,47,51,52,55,57,58,60" m="36111,47689" machi="58" ten="30,7900,0" yaku="18,1,34,2,54,1" doraHai="99" who="0" fromWho="0" sc="170,82,520,-40,170,-21,140,-21" /><INIT seed="2,0,0,5,0,114" ten="252,480,149,119" oya="2" hai0="115,70,117,54,32,135,90,120,106,86,21,51,42" hai1="121,85,96,61,65,132,133,25,41,13,48,59,92" hai2="122,19,18,69,134,72,116,107,17,33,52,80,125" hai3="119,31,63,53,14,128,81,50,55,83,123,68,56"/><V12/><F122/><W7/><G128/><T101/><D32/><U79/><E121/><V94/><F107/><W39/><G123/><T28/><D70/><U118/><E118/><V127/><F69/><W89/><G39/><T130/><D42/><U74/><E74/><V103/><F33/><W29/><G68/><T113/><D120/><U44/><E13/><V36/><F36/><W111/><G111/><T57/><D135/><N who="1" m="51787" /><E25/><V8/><F134/><W49/><G119/><T99/><D130/><U3/><E3/><V108/><F108/><W40/><G40/><T95/><D117/><U24/><E24/><V82/><F116/><W104/><G63/><T84/><D28/><U100/><E85/><V9/><F72/><W76/><G89/><T126/><D126/><N who="2" m="48138" /><F52/><W46/><G104/><T2/><D2/><U35/><E79/><V112/><F112/><W15/><G76/><T131/><D131/><U20/><E20/><V109/><F109/><W66/><G66/><T97/><D86/><U34/><AGARI ba="0,0" hai="34,35,41,44,48,59,61,65,92,96,100" m="51787" machi="34" ten="30,1100,0" yaku="20,1" doraHai="114" who="1" fromWho="1" sc="252,-3,480,11,149,-5,119,-3" /><INIT seed="3,0,0,0,5,58" ten="249,491,144,116" oya="3" hai0="118,81,32,46,55,117,78,90,14,103,52,104,85" hai1="33,111,82,30,67,122,98,120,130,13,115,124,133" hai2="131,88,48,16,83,39,41,57,84,87,40,93,96" hai3="51,107,64,56,114,91,31,128,89,10,109,19,119"/><W73/><G114/><T60/><D32/><U2/><E2/><V7/><F131/><W20/><G119/><T27/><D27/><U17/><E115/><V21/><F7/><W127/><G128/><T11/><D104/><U125/><E130/><V34/><F34/><W5/><G107/><T102/><D117/><U110/><E98/><V50/><F39/><W65/><G73/><T79/><D118/><U38/><E38/><V135/><F135/><W99/><G31/><T1/><D1/><U74/><E67/><V77/><F96/><W0/><G127/><N who="1" m="48714" /><E82/><V23/><F23/><W61/><G109/><N who="1" m="41482" /><E74/><V59/><F59/><W3/><G3/><T121/><D121/><U70/><E70/><V62/><F41/><W76/><G65/><T100/><D46/><U35/><E133/><V9/><F9/><W71/><G76/><T47/><D47/><U72/><E72/><V112/><F40/><W26/><REACH who="3" step="1"/><G99/><REACH who="3" ten="249,491,144,106" step="2"/><T108/><D108/><U132/><E132/><V80/><F112/><W28/><G28/><T126/><D126/><U45/><E30/><V129/><F129/><W6/><G6/><T49/><D78/><U101/><E122/><V22/><F77/><W12/><G12/><T97/><D79/><U54/><E120/><V8/><F87/><W92/><G92/><T18/><D97/><U44/><E13/><N who="2" m="7207" /><F93/><W36/><G36/><T25/><D100/><U106/><E106/><V15/><F15/><W95/><G95/><T134/><D134/><U86/><E101/><V42/><F83/><W43/><G43/><T75/><D102/><U116/><E116/><RYUUKYOKU ba="0,1" sc="249,-10,491,-10,144,-10,106,30" hai3="0,5,10,19,20,26,51,56,61,64,71,89,91" /><INIT seed="3,1,1,3,2,90" ten="239,481,134,136" oya="3" hai0="81,43,44,133,59,19,22,117,53,86,60,113,96" hai1="51,100,116,111,77,46,20,57,66,134,74,55,26" hai2="52,122,41,14,3,125,38,94,124,109,17,68,29" hai3="18,70,107,101,56,89,103,123,73,28,42,33,2"/><W99/><G123/><T98/><D133/><U126/><E134/><V35/><F68/><W104/><G70/><T13/><D117/><U10/><E116/><V11/><F38/><W118/><G118/><T6/><D113/><U49/><E111/><V62/><F41/><W58/><G73/><T102/><D6/><U48/><E126/><N who="2" m="48747" /><F109/><W54/><G42/><T93/><D98/><U9/><E100/><V129/><F129/><W106/><G2/><T115/><D115/><U23/><E23/><V82/><F122/><W30/><G18/><T128/><D128/><U50/><E77/><V16/><F82/><W67/><G67/><T8/><D8/><U37/><E74/><V64/><F3/><W39/><G39/><T83/><REACH who="0" step="1"/><D86/><REACH who="0" ten="229,481,134,136" step="2"/><U135/><E135/><V34/><F64/><W31/><G33/><T132/><D132/><U36/><E36/><AGARI ba="1,2" hai="13,19,22,36,43,44,53,59,60,81,83,93,96,102" machi="36" ten="30,3900,0" yaku="1,1,7,1,52,1,53,0" doraHai="90" doraHaiUra="114" who="0" fromWho="1" sc="229,62,481,-42,134,0,136,0" /><INIT seed="4,0,0,5,5,68" ten="291,439,134,136" oya="0" hai0="133,72,60,37,49,74,115,10,39,77,118,126,122" hai1="55,82,101,2,27,32,62,79,89,11,102,103,61" hai2="26,22,5,119,7,0,94,127,12,19,125,80,45" hai3="63,97,51,70,52,116,108,124,91,31,113,64,8"/><T123/><D118/><U76/><E89/><V6/><F80/><W20/><G116/><T93/><D115/><U57/><E62/><V24/><F94/><W110/><G113/><T13/><D126/><N who="2" m="48138" /><F45/><W134/><G124/><T34/><D34/><U100/><E100/><V98/><F98/><W44/><G134/><T73/><D133/><U109/><E109/><V9/><F119/><W112/><G112/><T106/><D106/><U95/><E95/><V84/><F84/><W30/><G97/><T35/><D35/><U99/><E99/><V36/><F36/><W3/><G91/><T121/><D77/><U117/><E117/><V130/><F130/><W120/><G120/><T58/><D49/><U69/><E69/><V114/><F114/><W129/><G129/><T54/><REACH who="0" step="1"/><D93/><REACH who="0" ten="281,439,134,136" step="2"/><U21/><E32/><V78/><F78/><W131/><G131/><T107/><D107/><U23/><E79/><V47/><F47/><W38/><G108/><T56/><D56/><U90/><E57/><V132/><F132/><W88/><G110/><T29/><D29/><U25/><E76/><V15/><F0/><W75/><G3/><T81/><D81/><U17/><E2/><V53/><F53/><W111/><G52/><T85/><D85/><U16/><E55/><V33/><F33/><W48/><G111/><T67/><D67/><U41/><E82/><V87/><F87/><W83/><G64/><T40/><D40/><U96/><E41/><V135/><F135/><W50/><G83/><T46/><D46/><U92/><E61/><V66/><F66/><W128/><G44/><RYUUKYOKU ba="0,1" sc="281,10,439,10,134,10,136,-30" hai0="10,13,37,39,54,58,60,72,73,74,121,122,123" hai1="11,16,17,21,23,25,27,90,92,96,101,102,103" hai2="5,6,7,9,12,15,19,22,24,26" /><INIT seed="4,1,1,0,5,50" ten="291,449,144,106" oya="0" hai0="97,80,60,65,51,104,68,54,109,30,72,45,55" hai1="41,71,119,134,96,29,27,121,26,46,53,9,37" hai2="102,63,103,94,83,66,130,120,105,20,31,126,47" hai3="64,34,123,15,116,131,0,85,127,88,111,38,73"/><T128/><D128/><U95/><E121/><V122/><F105/><W99/><RYUUKYOKU type="yao9" ba="1,1" sc="291,0,449,0,144,0,106,0" hai3="0,15,34,38,64,73,85,88,99,111,116,123,127,131" /><INIT seed="4,2,1,0,4,107" ten="291,449,144,106" oya="0" hai0="133,67,65,36,97,55,32,80,114,128,111,10,77" hai1="31,49,6,44,134,122,131,125,9,73,68,66,78" hai2="29,132,70,100,76,104,16,118,18,14,116,20,21" hai3="85,123,25,94,33,51,112,0,95,117,69,62,96"/><T23/><D32/><U119/><E122/><V17/><F70/><W83/><G117/><N who="2" m="45161" /><F76/><W27/><G112/><T24/><D36/><U103/><E131/><V2/><F104/><W48/><G123/><T87/><D133/><U58/><E103/><V54/><F100/><W98/><G0/><T30/><D114/><U91/><E125/><V46/><F46/><W108/><G108/><T52/><D128/><U75/><E78/><V89/><F89/><N who="3" m="51391" /><G33/><T127/><D127/><U8/><E31/><V37/><F37/><W135/><G135/><T130/><D130/><U81/><E68/><V39/><F39/><W43/><G69/><T129/><D111/><U22/><E22/><V124/><F54/><W88/><G62/><T74/><D129/><U102/><E102/><V1/><F132/><W93/><G43/><T110/><D110/><U109/><E91/><V4/><F124/><W59/><G59/><T41/><D41/><U79/><E58/><V84/><F84/><W120/><G120/><T45/><D45/><U64/><E79/><V121/><F121/><W12/><G12/><T60/><D87/><U7/><E44/><V13/><F29/><W61/><G61/><T53/><D60/><U90/><E90/><V105/><F105/><W38/><G38/><T82/><D97/><N who="3" m="37481" /><G88/><T35/><D35/><U11/><E119/><V126/><F126/><W71/><G71/><T86/><D80/><U28/><E81/><V106/><F106/><W26/><AGARI ba="2,1" hai="25,26,27,48,51,93,94,95" m="37481,51391" machi="26" ten="40,1500,0" yaku="8,1" doraHai="107" who="3" fromWho="3" sc="291,-9,449,-6,144,-6,106,31" /><INIT seed="5,0,0,5,4,47" ten="282,443,138,137" oya="1" hai0="62,7,33,109,119,26,45,78,35,30,42,133,104" hai1="121,102,56,127,75,40,0,3,5,89,85,110,129" hai2="19,6,90,64,46,117,58,23,74,88,10,9,24" hai3="41,124,16,81,115,12,37,107,4,135,76,67,132"/><U44/><E121/><V31/><F117/><W11/><G107/><T84/><D109/><U20/><E129/><V43/><F74/><W73/><G115/><T111/><D111/><U1/><E127/><V70/><F70/><W54/><G124/><T93/><D104/><U71/><E71/><V69/><F69/><W118/><G118/><T113/><D119/><U8/><E75/><V17/><F64/><W114/><G114/><T29/><D133/><N who="3" m="51273" /><G67/><T101/><D62/><U50/><E102/><V52/><F46/><N who="3" m="23855" /><G54/><T63/><D63/><U112/><E112/><V86/><F43/><W38/><G38/><T27/><D7/><AGARI ba="0,0" hai="4,7,11,12,16,73,76,81" m="23855,51273" machi="7" ten="30,2000,0" yaku="20,1,54,1" doraHai="47" who="3" fromWho="0" sc="282,-20,443,0,138,0,137,20" /><INIT seed="6,0,0,1,1,95" ten="262,443,138,157" oya="2" hai0="47,106,26,2,104,17,34,75,126,90,110,115,14" hai1="66,59,81,85,130,88,123,119,49,58,52,20,45" hai2="105,12,77,68,0,5,40,29,79,125,134,116,107" hai3="24,108,70,64,67,62,135,113,101,3,39,41,43"/><V65/><F40/><W87/><G108/><T93/><D110/><U37/><E119/><V124/><F29/><W60/><G3/><T103/><D2/><U18/><E130/><V94/><F0/><W89/><G135/><T133/><D75/><U132/><E132/><V127/><F134/><W99/><G113/><T131/><D103/><U22/><E123/><V73/><F116/><W63/><G39/><T38/><D133/><U9/><E37/><V120/><F120/><W27/><G43/><T92/><D92/><U61/><E59/><V33/><F33/><W121/><G41/><T76/><D76/><N who="2" m="29258" /><F73/><W19/><G121/><T13/><D47/><U35/><E35/><V112/><F112/><W129/><G129/><T8/><D38/><U42/><E42/><V51/><F51/><W128/><G128/><T53/><D131/><U56/><E56/><V111/><F111/><W57/><G19/><T78/><D34/><U46/><E46/><V4/><F94/><W48/><G48/><T32/><D93/><U28/><E28/><V25/><F25/><W83/><REACH who="3" step="1"/><G63/><REACH who="3" ten="262,443,138,147" step="2"/><T109/><D109/><U30/><E30/><V15/><F68/><W97/><G97/><T69/><D69/><U84/><E18/><V10/><F65/><W117/><G117/><T1/><D17/><U55/><E66/><V122/><F122/><W96/><G96/><T91/><D115/><U54/><E61/><V74/><F74/><W23/><G23/><T72/><D72/><U11/><E22/><V86/><F86/><W6/><G6/><T7/><D32/><U50/><E84/><RYUUKYOKU ba="0,1" sc="262,-15,443,-15,138,15,147,15" hai2="4,5,10,12,15,105,107,124,125,127" hai3="24,27,57,60,62,64,67,70,83,87,89,99,101" /><INIT seed="6,1,1,5,0,108" ten="247,428,153,162" oya="2" hai0="65,76,97,43,17,84,20,21,119,36,48,100,96" hai1="78,53,12,56,14,69,63,51,87,7,110,105,86" hai2="124,121,22,13,26,62,120,9,5,60,80,134,127" hai3="125,116,73,131,31,115,49,112,123,99,34,44,70"/><V85/><F62/><W132/><G116/><T29/><D36/><U3/><E105/><V61/><F61/><W19/><G123/><N who="2" m="47177" /><F60/><W74/><G125/><N who="2" m="48201" /><F85/><W25/><G131/><T75/><D75/><N who="3" m="28681" /><G132/><T8/><D119/><U57/><E110/><V109/><F80/><W64/><G19/><T11/><D65/><U52/><E78/><V46/><F46/><W16/><G16/><T83/><D29/><U33/><E69/><V71/><F71/><W103/><G64/><T67/><D21/><U111/><E111/><V130/><F109/><W98/><G103/><T40/><D67/><U89/><E86/><V118/><F118/><W39/><G39/><T38/><D38/><U114/><E87/><V113/><F130/><W23/><G34/><T93/><D97/><U4/><E33/><V135/><F113/><N who="3" m="43595" /><G70/><T92/><D100/><U79/><E114/><V106/><F106/><W77/><G77/><T6/><D76/><U59/><E79/><V129/><F129/><W66/><G66/><T41/><D83/><U68/><E68/><V104/><F104/><W122/><G122/><T47/><D47/><U24/><E59/><V45/><F45/><W32/><G32/><T126/><D126/><U133/><E57/><V102/><F102/><W72/><N who="3" m="28689" /><W27/><DORA hai="10" /><G27/><T42/><D92/><U35/><E24/><V2/><F2/><W88/><G88/><T37/><D93/><U101/><E3/><V95/><F95/><W82/><G82/><T1/><D1/><U91/><E89/><V58/><F58/><W128/><G128/><T54/><D37/><RYUUKYOKU ba="1,1" sc="247,-15,428,-15,153,15,162,15" hai2="5,9,13,22,26,134,135" hai3="23,25,31,44,49,98,99" /><INIT seed="6,2,1,3,2,46" ten="232,413,168,177" oya="2" hai0="88,130,27,9,76,102,64,133,67,71,40,45,74" hai1="98,54,107,30,122,35,52,26,111,60,22,87,127" hai2="75,73,6,37,36,57,94,124,47,28,85,82,113" hai3="44,86,84,51,120,126,78,79,19,123,7,11,25"/><V80/><F28/><W42/><G126/><T18/><D71/><U128/><E127/><V101/><F6/><W92/><G120/><T43/><D102/><U49/><E122/><V63/><F124/><W135/><G135/><T129/><D133/><U89/><E111/><V112/><F47/><W15/><G123/><T131/><D88/><U50/><E128/><V56/><F101/><W48/><G48/><N who="0" m="26663" /><D43/><U8/><E8/><V1/><F94/><W70/><G70/><T31/><D18/><U16/><E98/><V33/><F63/><W34/><G34/><N who="0" m="20863" /><D9/><U53/><E107/><V119/><F33/><W121/><G121/><T62/><D62/><U0/><E0/><V99/><F99/><W114/><G114/><N who="2" m="44137" /><F1/><W105/><G105/><T95/><D95/><N who="1" m="54719" /><E35/><V66/><F66/><W29/><G19/><T97/><D97/><U109/><E109/><V69/><F69/><W55/><G42/><T72/><D72/><N who="2" m="27722" /><F85/><N who="3" m="32875" /><G92/><T12/><D74/><U77/><E30/><V132/><F132/><W3/><G3/><T24/><D67/><U5/><E60/><V59/><F119/><W20/><AGARI ba="2,1" hai="7,11,15,20,25,29,44,51,55,78,79" m="32875" machi="20" ten="30,2000,0" yaku="8,1,52,1" doraHai="46" who="3" fromWho="3" sc="232,-7,413,-7,168,-12,177,36" /><INIT seed="7,0,0,1,5,124" ten="225,406,156,213" oya="3" hai0="116,22,29,112,37,43,74,36,44,122,6,75,130" hai1="48,77,106,102,125,104,80,119,132,15,12,126,13" hai2="65,34,60,108,63,135,99,114,30,67,54,82,129" hai3="110,98,10,2,17,89,94,61,41,88,85,120,27"/><W45/><G120/><T117/><D122/><U4/><E132/><V20/><F34/><W87/><G110/><T49/><D6/><U46/><E119/><V51/><F108/><W69/><G2/><T79/><D22/><U55/><E4/><V53/><F82/><W59/><G69/><T21/><D21/><U128/><E128/><V62/><F99/><W33/><G33/><T9/><D9/><U32/><E32/><V23/><F30/><W5/><G27/><T31/><D49/><U8/><E8/><V96/><F96/><W68/><G17/><T40/><D44/><U16/><E16/><V73/><F73/><W84/><G68/><T76/><D130/><U7/><E102/><V56/><F135/><W25/><G25/><T83/><D83/><U105/><E7/><V0/><F0/><W133/><G133/><T111/><D111/><U26/><E26/><V14/><F14/><N who="3" m="5455" /><G45/><T95/><D95/><U97/><E97/><V64/><F129/><W47/><G47/><T39/><D39/><U66/><E66/><V28/><F28/><W81/><G41/><T123/><D123/><U115/><E115/><AGARI ba="0,0" hai="29,31,36,37,40,43,74,75,76,79,112,115,116,117" machi="115" ten="25,1600,0" yaku="22,2" doraHai="124" who="0" fromWho="1" sc="225,16,406,-16,156,0,213,0" owari="241,4.0,390,49.0,156,-34.0,213,-19.0" /></mjloggm>