<mjloggm ver="2.3"><GO type="169" lobby="0"/><UN n0="%E3%82%B5%E3%83%95%E3%82%A9%E3%83%BC%E3%82%AF%E3%81%AE%E7%94%BA" n1="%E8%8D%92%E6%9C%A8%E6%AF%94%E5%A5%88" n2="%E5%A4%8F%E6%81%8B%E8%8A%B1%E7%81%AB" n3="%E6%84%9A%E5%BD%A2%E3%81%AE%E6%84%9A%E5%85%84" dan="17,16,17,17" rate="2188.50,2157.77,2254.66,2145.66" sx="M,F,M,M"/><TAIKYOKU oya="0"/><INIT seed="0,0,0,0,5,80" ten="250,250,250,250" oya="0" hai0="117,81,98,8,39,26,6,31,74,129,10,12,89" hai1="106,4,11,21,47,16,43,18,109,32,48,61,90" hai2="105,35,54,75,34,108,133,131,40,121,13,37,46" hai3="132,114,55,7,82,63,27,102,19,42,49,73,115"/><T110/><D117/><U122/><E122/><V68/><RYUUKYOKU type="yao9" ba="0,0" sc="250,0,250,0,250,0,250,0" hai2="13,34,35,37,40,46,54,68,75,105,108,121,131,133" /><INIT seed="0,1,0,1,4,33" ten="250,250,250,250" oya="0" hai0="59,106,129,20,105,101,78,0,62,36,117,19,74" hai1="76,125,121,24,65,32,134,108,93,102,10,58,92" hai2="130,109,119,94,57,16,38,49,29,61,14,72,55" hai3="96,118,8,133,4,30,6,97,35,116,132,120,26"/><T43/><D117/><N who="3" m="45161" /><G97/><T88/><D129/><U68/><E121/><V86/><F72/><W37/><G37/><T41/><D0/><U124/><E76/><V128/><F38/><W64/><G64/><T90/><D101/><U98/><E58/><V53/><F119/><W47/><G47/><T28/><D28/><U40/><E40/><V99/><F29/><W135/><G96/><T80/><D105/><N who="1" m="63703" /><E10/><V104/><F104/><W77/><G77/><T50/><D106/><U46/><E46/><V2/><F2/><N who="3" m="23" /><G6/><T18/><D18/><U112/><E92/><V103/><F86/><W89/><G89/><T127/><D127/><U115/><E93/><V123/><F123/><AGARI ba="1,0" hai="26,30,35,120,123,132,133,135" m="23,45161" machi="123" ten="40,8000,1" yaku="20,1,23,1,34,2,52,1" doraHai="33" who="3" fromWho="2" sc="250,0,250,0,250,-83,250,83" /><INIT seed="1,0,0,4,0,38" ten="250,250,167,333" oya="1" hai0="83,66,61,10,86,91,94,114,65,48,133,131,40" hai1="9,39,132,26,0,115,60,59,102,78,88,4,101" hai2="27,121,50,18,22,119,68,93,135,21,45,117,71" hai3="24,118,100,120,53,97,33,108,116,77,43,34,29"/><U32/><E115/><V92/><F121/><W20/><G120/><T25/><D114/><U56/><E78/><V42/><F135/><W124/><G124/><T69/><D133/><U44/><E132/><V36/><F36/><W122/><G122/><T3/><D131/><U113/><E113/><V11/><F11/><W15/><G77/><T98/><D66/><U52/><E32/><V46/><F46/><W1/><G1/><T103/><D25/><U74/><E74/><V129/><F129/><W57/><G108/><T67/><D67/><U80/><E26/><V76/><F76/><W7/><G43/><T63/><D63/><U81/><E81/><V14/><F71/><W95/><G7/><T6/><REACH who="0" step="1"/><D48/><REACH who="0" ten="240,250,167,333" step="2"/><U41/><REACH who="1" step="1"/><E56/><REACH who="1" ten="240,240,167,333" step="2"/><V55/><F68/><W126/><G57/><T127/><D127/><U37/><E37/><V17/><F119/><W51/><G126/><T96/><D96/><U89/><E89/><V106/><F117/><W123/><G123/><T13/><D13/><U5/><E5/><V47/><F106/><W8/><G118/><T87/><D87/><AGARI ba="0,2" hai="0,4,9,39,41,44,52,59,60,80,87,88,101,102" machi="87" ten="40,12000,1" yaku="1,1,52,1,54,2,53,1" doraHai="38" doraHaiUra="35" who="1" fromWho="0" sc="240,-120,240,140,167,0,333,0" /><INIT seed="1,1,0,4,5,83" ten="120,380,167,333" oya="1" hai0="53,60,123,28,49,55,131,5,39,8,87,78,15" hai1="50,59,16,71,68,126,103,80,120,48,20,46,93" hai2="22,30,37,70,7,67,27,0,125,3,124,108,95" hai3="12,36,106,97,116,54,88,92,101,73,18,100,57"/><U121/><E126/><N who="2" m="48747" /><F37/><W24/><G73/><T19/><D39/><U117/><E117/><V85/><F108/><W99/><G36/><T72/><D131/><U75/><E75/><V17/><F67/><W35/><G116/><T13/><D72/><U62/><E80/><V64/><F64/><W132/><G132/><T119/><D119/><U61/><E103/><V134/><F70/><W105/><G35/><T98/><D28/><U135/><E135/><V9/><F134/><W29/><G29/><T133/><D123/><U40/><E93/><V104/><F104/><W4/><G4/><T127/><D133/><U43/><E20/><N who="2" m="15719" /><F85/><W21/><G12/><T130/><D130/><U2/><E16/><V76/><F95/><W82/><G82/><T128/><D98/><U91/><E91/><V25/><F76/><W6/><G6/><T23/><D128/><U114/><E2/><AGARI ba="1,0" hai="0,2,3,7,9,17,22,25" m="15719,48747" machi="2" ten="30,3900,0" yaku="18,1,34,2" doraHai="83" who="2" fromWho="1" sc="120,0,380,-42,167,42,333,0" /><INIT seed="2,0,0,5,2,45" ten="120,338,209,333" oya="2" hai0="10,50,124,0,67,72,21,73,54,77,8,48,69" hai1="129,93,44,116,63,122,75,62,38,53,30,80,2" hai2="34,100,94,107,127,27,74,24,104,68,29,97,22" hai3="101,96,26,78,17,105,132,89,102,51,76,3,43"/><V14/><F68/><W20/><G3/><T36/><D36/><U49/><E116/><V86/><F74/><W109/><G109/><T55/><D124/><U64/><E129/><V12/><F127/><W113/><G132/><T85/><D21/><U5/><E30/><V128/><F128/><W28/><G28/><T39/><D39/><U135/><E135/><V9/><F86/><W87/><G113/><T70/><D85/><U111/><E111/><V118/><F118/><W125/><G102/><T108/><D67/><U90/><E122/><V19/><REACH who="2" step="1"/><F12/><REACH who="2" ten="120,338,199,333" step="2"/><W121/><G125/><T6/><D108/><U35/><E75/><V134/><F134/><W41/><G121/><T114/><D114/><U120/><E120/><V98/><F98/><W60/><G87/><T46/><D73/><U15/><E15/><V106/><F106/><W130/><G130/><T23/><D70/><U40/><E2/><V133/><F133/><W99/><G99/><T61/><D72/><U52/><E80/><V126/><F126/><W112/><G96/><T11/><D69/><U81/><E81/><V66/><F66/><W83/><G83/><T58/><D77/><U31/><E64/><V119/><F119/><W65/><G65/><T33/><D0/><U59/><E93/><V88/><F88/><W91/><G91/><T95/><D95/><U56/><E90/><V47/><F47/><W71/><G89/><T84/><D84/><U57/><E57/><V37/><F37/><W7/><G71/><T131/><D131/><U115/><E115/><V32/><F32/><W16/><G112/><RYUUKYOKU ba="0,1" sc="120,-10,338,-10,199,30,333,-10" hai2="9,14,19,22,24,27,29,34,94,97,100,104,107" /><INIT seed="2,1,1,5,4,134" ten="110,328,229,323" oya="2" hai0="91,12,20,5,82,43,114,27,66,54,122,36,68" hai1="10,123,95,0,62,102,25,108,37,75,57,104,51" hai2="73,116,100,8,71,121,99,67,131,41,2,34,60" hai3="61,14,135,56,30,16,28,87,105,74,22,127,90"/><V47/><F121/><W48/><G135/><T53/><D122/><U106/><E37/><V119/><F131/><W40/><G74/><T88/><D114/><U42/><E123/><V107/><F73/><W118/><G105/><T120/><D120/><U39/><E39/><N who="2" m="21951" /><F34/><W9/><G118/><T133/><D133/><U129/><E75/><V11/><F11/><W45/><G9/><T78/><D36/><U86/><E108/><V32/><F32/><W84/><G84/><N who="0" m="48215" /><D66/><U55/><E129/><V112/><F112/><W79/><G79/><T96/><D68/><U23/><E0/><V26/><F26/><W44/><G44/><T17/><D43/><U117/><E10/><V19/><F19/><W13/><G13/><T29/><D5/><AGARI ba="1,1" hai="2,5,8,60,67,71,99,100,107,116,119" m="21951" machi="5" ten="30,1500,0" yaku="23,1" doraHai="134" who="2" fromWho="0" sc="110,-18,328,0,229,28,323,0" /><INIT seed="2,2,0,1,2,73" ten="92,328,257,323" oya="2" hai0="82,27,44,104,60,127,23,78,133,89,62,119,130" hai1="14,9,86,46,79,90,67,42,24,88,2,69,1" hai2="52,20,64,125,35,58,37,83,106,33,99,65,109" hai3="49,8,45,75,59,72,55,5,100,97,47,41,101"/><V57/><F37/><W95/><G101/><T116/><D133/><U76/><E24/><V13/><F125/><W22/><G22/><T77/><D104/><U102/><E102/><V21/><F109/><W129/><G129/><T30/><D130/><U131/><E131/><V43/><F43/><W91/><G47/><T31/><D127/><U128/><E128/><V61/><F106/><W94/><G94/><T39/><D31/><U115/><E115/><V40/><F40/><W34/><G100/><T103/><D103/><U74/><E74/><V25/><F99/><W113/><G34/><T84/><D44/><U126/><E126/><V132/><F132/><W10/><G10/><T117/><D39/><U11/><E11/><V121/><F121/><W107/><G107/><T68/><D68/><U50/><E1/><V16/><F83/><W80/><G80/><T0/><D0/><U18/><E2/><V28/><REACH who="2" step="1"/><F65/><REACH who="2" ten="92,328,247,323" step="2"/><W98/><G98/><T66/><D66/><U4/><E67/><V56/><F56/><W123/><G123/><T105/><D105/><U15/><E69/><V87/><F87/><W7/><G113/><T120/><D120/><U96/><E96/><V17/><F17/><W36/><G7/><T32/><D32/><U54/><E42/><V118/><F118/><W70/><G70/><T134/><D134/><U3/><E86/><V53/><F53/><W111/><G111/><T81/><D81/><U19/><E19/><V12/><F12/><AGARI ba="2,1" hai="5,8,12,36,41,45,49,55,59,72,75,91,95,97" machi="12" ten="30,1000,0" yaku="7,1" doraHai="73" who="3" fromWho="2" sc="92,0,328,0,247,-16,323,26" /><INIT seed="3,0,0,3,4,85" ten="92,328,231,349" oya="3" hai0="128,32,89,117,8,102,34,9,97,70,134,36,19" hai1="25,122,120,135,22,104,2,68,129,58,43,38,31" hai2="61,40,118,12,112,48,49,76,16,17,55,47,109" hai3="13,20,133,79,24,28,50,59,46,39,41,98,60"/><W84/><G133/><T78/><D117/><U92/><E92/><V86/><F118/><W10/><G98/><T30/><D134/><U105/><E58/><V3/><F3/><W111/><G111/><T114/><D70/><U54/><E54/><V123/><F112/><W7/><G39/><T110/><D36/><U45/><E135/><V18/><F123/><W53/><G84/><T4/><D78/><U121/><E129/><V51/><F109/><W95/><G95/><T65/><D65/><U106/><E2/><V44/><F61/><W113/><G113/><T1/><D110/><U27/><E27/><V132/><F132/><W130/><G130/><T0/><D128/><U83/><E83/><V96/><F96/><W99/><G99/><T71/><D71/><U72/><E68/><V15/><F49/><W119/><G119/><T42/><D42/><U62/><E62/><V127/><F127/><W108/><G108/><T75/><D75/><U124/><REACH who="1" step="1"/><E72/><REACH who="1" ten="92,318,231,349" step="2"/><V14/><F12/><W74/><G74/><T91/><D0/><U73/><E73/><V82/><AGARI ba="0,1" hai="14,15,16,17,18,40,44,47,48,51,55,76,82,86" machi="82" ten="30,4000,0" yaku="0,1,8,1,54,1" doraHai="85" who="2" fromWho="2" sc="92,-10,318,-10,231,50,349,-20" /><INIT seed="4,0,0,4,2,102" ten="82,308,281,329" oya="0" hai0="15,55,67,111,51,56,60,98,135,130,109,57,1" hai1="88,71,73,40,127,113,2,129,19,37,20,25,0" hai2="69,76,65,91,23,126,47,82,48,79,61,90,124" hai3="45,44,132,128,134,42,32,39,131,24,64,8,74"/><T115/><D1/><U122/><E122/><V58/><F23/><W33/><G74/><T10/><D115/><U118/><E118/><V70/><F70/><W92/><G64/><T36/><D36/><U5/><E73/><V52/><F69/><W106/><G92/><T9/><D135/><N who="3" m="51753" /><G45/><T11/><D130/><N who="3" m="49705" /><G8/><T53/><D15/><U94/><E129/><V62/><F79/><W31/><G33/><T110/><D98/><U114/><E71/><V26/><F26/><W107/><AGARI ba="0,0" hai="24,31,32,39,42,44,106,107" m="49705,51753" machi="107" ten="40,8000,1" yaku="20,1,19,1,23,1,52,2" doraHai="102" who="3" fromWho="3" sc="82,-40,308,-20,281,-20,329,80" /><INIT seed="5,0,0,2,0,84" ten="42,288,261,409" oya="1" hai0="1,133,27,132,30,102,90,103,100,104,63,55,19" hai1="44,66,52,81,67,26,8,74,72,40,0,78,117" hai2="17,29,50,25,107,135,20,33,92,82,86,129,111" hai3="85,68,32,120,98,79,106,122,123,124,130,49,38"/><U15/><E117/><V6/><F107/><W110/><G38/><T97/><D1/><U31/><E0/><V37/><F111/><W3/><G3/><T57/><D104/><U94/><E72/><V36/><F129/><W71/><G32/><T99/><D99/><U61/><E40/><V76/><F135/><W5/><G5/><T54/><D54/><U9/><E9/><V10/><F50/><W114/><G130/><T41/><D41/><U88/><E44/><V69/><F69/><W119/><G119/><T118/><D30/><U75/><E75/><V46/><F46/><W65/><G110/><T22/><REACH who="0" step="1"/><D118/><REACH who="0" ten="32,288,261,409" step="2"/><U56/><E31/><V24/><F29/><W34/><G98/><T131/><D131/><U64/><E64/><V18/><F33/><W77/><G106/><T109/><D109/><U134/><E134/><V116/><F116/><W43/><G43/><T23/><D23/><U28/><E28/><V35/><F35/><W113/><G34/><T126/><D126/><U125/><E125/><V4/><F20/><W105/><G105/><T108/><D108/><U39/><E39/><V112/><F36/><W12/><G65/><T70/><D70/><U115/><E66/><V16/><F37/><W47/><G124/><T87/><D87/><U96/><E67/><V127/><F127/><W51/><G85/><T2/><D2/><U128/><E128/><V91/><F10/><W42/><G71/><T13/><D13/><U7/><E26/><N who="2" m="10347" /><F112/><N who="3" m="43115" /><G12/><T53/><D53/><U101/><E115/><V45/><F45/><N who="3" m="25783" /><G68/><T60/><D60/><U21/><E21/><RYUUKYOKU ba="0,1" sc="32,0,288,0,261,0,409,0" hai0="19,22,27,55,57,63,90,97,100,102,103,132,133" hai1="7,8,15,52,56,61,74,78,81,88,94,96,101" hai2="4,6,16,17,18,76,82,86,91,92" hai3="47,51,77,79,120,122,123" /><INIT seed="5,1,1,1,0,91" ten="32,288,261,409" oya="1" hai0="26,16,29,7,105,113,35,70,115,110,63,73,40" hai1="100,19,134,129,64,87,20,109,12,106,79,68,98" hai2="55,128,102,133,111,121,32,46,48,39,36,90,69" hai3="10,66,112,2,52,96,37,3,80,62,126,59,6"/><U104/><E129/><V14/><F32/><W99/><G37/><T81/><D16/><U92/><E134/><V131/><F111/><W51/><G112/><T49/><D49/><U8/><E109/><V44/><F102/><W54/><G2/><T76/><D110/><U21/><E21/><V108/><F108/><W117/><G126/><T22/><D22/><U43/><E43/><V103/><F103/><W41/><G41/><T130/><D130/><N who="2" m="49706" /><F69/><W97/><G117/><T78/><D78/><U28/><E68/><V24/><F121/><W114/><G114/><T9/><D105/><U65/><E104/><V93/><F24/><W60/><G80/><T56/><D56/><U122/><E122/><V75/><F75/><W120/><G120/><T124/><D40/><U38/><E38/><V135/><F14/><W116/><G116/><T95/><D95/><U47/><E47/><V83/><F83/><W71/><G97/><T11/><D11/><U127/><E127/><V125/><F125/><W58/><AGARI ba="1,1" hai="3,6,10,51,52,54,58,59,60,62,66,71,96,99" machi="58" ten="20,2700,0" yaku="0,1,7,1,54,1" doraHai="91" who="3" fromWho="3" sc="32,-8,288,-14,261,-8,409,40" /><INIT seed="6,0,0,1,5,20" ten="24,274,253,449" oya="2" hai0="81,26,24,16,114,80,119,44,130,4,1,74,105" hai1="19,129,90,113,51,73,27,40,120,121,108,94,43" hai2="127,45,135,64,5,116,2,50,65,61,11,55,99" hai3="32,35,41,30,128,86,79,12,98,22,132,110,102"/><V39/><F135/><W77/><G110/><T85/><D105/><U87/><E108/><V134/><F134/><W100/><G128/><T29/><D130/><U104/><E73/><V48/><F127/><W92/><G100/><T115/><D119/><U69/><E129/><V42/><F116/><W21/><G41/><T89/><D4/><U66/><E104/><V96/><F65/><W91/><G35/><T56/><D1/><U60/><E113/><V33/><F33/><W25/><G32/><T0/><D0/><U17/><E17/><V37/><F48/><W14/><G132/><T10/><D56/><U97/><E51/><V62/><F62/><W111/><G111/><T52/><D29/><U71/><E71/><V131/><F131/><W54/><G54/><T84/><D74/><U23/><REACH who="1" step="1"/><E97/><REACH who="1" ten="24,264,253,449" step="2"/><V13/><F37/><W47/><G98/><T31/><D115/><U109/><E109/><V34/><F2/><W68/><G68/><T8/><D114/><U107/><E107/><V18/><F18/><W49/><G49/><N who="0" m="28711" /><D31/><U106/><E106/><V67/><F34/><W70/><G30/><T3/><D3/><U63/><E63/><V9/><F9/><N who="0" m="3690" /><D16/><U15/><E15/><V76/><F99/><W72/><G12/><T123/><D123/><AGARI ba="0,1" hai="19,23,27,40,43,60,66,69,87,90,94,120,121,123" machi="123" ten="40,5200,0" yaku="1,1,13,1,52,1,53,0" doraHai="20" doraHaiUra="6" who="1" fromWho="0" sc="24,-52,264,62,253,0,449,0" owari="-28,-53.0,326,13.0,253,-15.0,449,55.0" /></mjloggm>