<mjloggm ver="2.3"><GO type="169" lobby="0"/><UN n0="%73%68%69%62%75%74%61%6E" n1="%42%65%6E%63%68%69%6E%67" n2="%E7%89%8C%E6%B5%81%E5%AE%9A%E7%9F%B3%E6%9C%80%E9%AB%98" n3="%E3%81%82%E3%81%A0%E3%81%A4" dan="16,18,17,16" rate="2105.76,2241.47,2145.76,2172.51" sx="M,M,M,M"/><TAIKYOKU oya="0"/><INIT seed="0,0,0,3,3,129" ten="250,250,250,250" oya="0" hai0="16,124,65,49,123,44,85,133,106,7,122,40,93" hai1="38,120,89,76,20,82,59,28,53,69,103,68,111" hai2="35,99,109,97,6,17,81,46,107,83,67,128,98" hai3="10,127,11,80,114,88,90,130,121,73,77,91,125"/><T3/><D106/><U87/><E111/><V101/><F109/><W47/><G114/><T131/><D131/><U61/><E120/><V26/><F128/><W42/><G130/><T4/><D124/><N who="3" m="47689" /><G121/><T51/><D65/><U116/><E38/><AGARI ba="0,0" hai="10,11,38,42,47,73,77,80,88,90,91" m="47689" machi="38" ten="30,2000,0" yaku="18,1,54,1" doraHai="129" who="3" fromWho="1" sc="250,0,250,-20,250,0,250,20" /><INIT seed="1,0,0,1,2,115" ten="250,230,250,270" oya="1" hai0="20,101,116,74,14,41,90,97,132,36,135,108,33" hai1="93,126,8,12,118,64,46,68,86,51,26,69,102" hai2="75,31,65,89,58,71,105,4,10,77,124,127,119" hai3="98,2,84,59,121,55,123,88,107,23,103,61,49"/><U25/><E126/><N who="2" m="48171" /><F105/><W7/><G2/><T29/><D74/><U82/><E118/><V5/><F31/><W63/><G7/><T13/><D33/><U21/><E64/><V3/><F4/><W32/><G32/><T112/><D112/><U57/><E57/><V73/><F71/><W79/><G79/><T9/><D90/><U28/><E26/><V48/><F77/><W120/><REACH who="3" step="1"/><G23/><REACH who="3" ten="250,230,250,260" step="2"/><T106/><D20/><U94/><E102/><V70/><F5/><W37/><G37/><T19/><D36/><U117/><E117/><V134/><F3/><W22/><G22/><T42/><D116/><U76/><E68/><V66/><F70/><W62/><G62/><T72/><D101/><U24/><E69/><V99/><F119/><W67/><G67/><T111/><D132/><U50/><E25/><V110/><F66/><W35/><G35/><T129/><D135/><U38/><E38/><V15/><F65/><W122/><N who="3" m="30720" /><DORA hai="45" /><W100/><G100/><T0/><D0/><U43/><E50/><V87/><F48/><W44/><G44/><T113/><D113/><U133/><E133/><V39/><F39/><W125/><G125/><T104/><D108/><U6/><AGARI ba="0,1" hai="6,8,12,21,24,28,43,46,51,76,82,86,93,94" machi="6" ten="20,18000,2" yaku="0,1,7,1,25,2,8,1,52,1" doraHai="115,45" who="1" fromWho="1" sc="250,-60,230,190,250,-60,260,-60" /><INIT seed="1,1,0,4,0,74" ten="190,420,190,200" oya="1" hai0="114,120,97,79,117,135,43,124,72,3,130,28,134" hai1="71,1,54,14,109,94,48,116,91,102,51,107,125" hai2="22,98,2,123,73,7,100,62,67,115,122,11,45" hai3="10,83,49,59,36,17,9,126,103,37,57,85,46"/><U44/><E1/><V15/><F115/><W121/><G121/><T113/><D3/><U110/><E71/><V105/><F45/><W68/><G126/><T99/><D28/><U24/><E116/><V56/><F73/><W53/><G68/><T61/><D43/><U81/><E125/><V66/><F66/><W69/><G69/><T77/><D124/><U34/><E107/><V0/><F0/><W127/><G103/><T90/><D117/><U39/><E39/><V41/><F41/><W104/><G104/><T58/><D130/><U20/><E34/><V55/><F67/><W32/><G32/><T84/><D58/><U27/><E102/><V82/><F82/><W26/><G37/><T23/><D23/><U13/><E81/><V18/><AGARI ba="1,0" hai="2,7,11,15,18,22,55,56,62,98,100,105,122,123" machi="18" ten="30,1100,0" yaku="0,1" doraHai="74" who="2" fromWho="2" sc="190,-4,420,-6,190,14,200,-4" /><INIT seed="2,0,0,1,5,3" ten="186,414,204,196" oya="2" hai0="74,55,115,56,120,51,94,25,22,30,50,97,35" hai1="85,60,134,126,121,36,31,48,109,116,71,66,101" hai2="83,119,59,27,104,106,69,2,18,24,5,15,1" hai3="13,33,81,80,9,65,70,11,67,42,32,135,79"/><V84/><F69/><W82/><G79/><T75/><D115/><U96/><E116/><V129/><F119/><W8/><G42/><T63/><D120/><U91/><E36/><V61/><F129/><W46/><G46/><T45/><D35/><U118/><E126/><V38/><F38/><W20/><G135/><T19/><D51/><U114/><E109/><V21/><F106/><W34/><G70/><T28/><D74/><U4/><E31/><V108/><F104/><W76/><G76/><T131/><D75/><U124/><E124/><V73/><F73/><W117/><G117/><T110/><D131/><U0/><E114/><V86/><F86/><W26/><REACH who="3" step="1"/><G13/><REACH who="3" ten="186,414,204,186" step="2"/><T44/><D110/><U6/><E0/><V29/><F108/><W103/><G103/><N who="0" m="60855" /><D44/><U39/><E134/><V37/><F1/><W58/><G58/><T57/><D56/><U123/><E118/><V14/><F2/><W105/><G105/><T130/><D130/><U77/><E77/><V102/><F102/><W113/><G113/><T78/><D78/><U95/><E39/><V122/><F37/><W89/><G89/><T40/><AGARI ba="0,1" hai="19,22,25,28,30,40,45,50,55,57,63" m="60855" machi="40" ten="30,1100,0" yaku="8,1" doraHai="3" who="0" fromWho="0" sc="186,21,414,-3,204,-5,186,-3" /><INIT seed="3,0,0,5,4,70" ten="207,411,199,183" oya="3" hai0="38,29,37,102,65,1,53,104,83,72,81,98,18" hai1="126,82,49,129,125,9,100,43,14,117,109,33,134" hai2="30,2,47,119,4,130,118,13,88,56,86,11,20" hai3="25,124,133,61,28,7,116,91,76,113,52,54,68"/><W101/><G113/><T80/><D72/><U10/><E109/><V5/><F130/><W95/><G116/><T107/><D1/><U51/><E33/><V112/><F112/><W105/><G124/><N who="1" m="47722" /><E100/><V79/><F79/><W62/><G133/><T66/><D29/><U12/><E129/><V59/><F5/><W46/><G76/><T21/><D107/><U17/><E82/><V120/><F120/><W131/><G131/><T31/><D31/><U94/><E43/><V103/><F103/><W69/><G7/><T71/><D53/><U19/><E134/><V106/><F106/><W122/><G122/><T128/><D128/><U97/><E117/><V48/><F119/><W63/><G101/><T39/><REACH who="0" step="1"/><D71/><REACH who="0" ten="197,411,199,183" step="2"/><U35/><E35/><V73/><F73/><W115/><G105/><T89/><D89/><U108/><E108/><V85/><F2/><W77/><G115/><T44/><D44/><U16/><E14/><AGARI ba="0,1" hai="14,18,21,37,38,39,65,66,80,81,83,98,102,104" machi="14" ten="50,8000,1" yaku="1,1,52,3,53,0" doraHai="70" doraHaiUra="111" who="0" fromWho="1" sc="197,90,411,-80,199,0,183,0" /><INIT seed="4,0,0,5,1,30" ten="287,331,199,183" oya="0" hai0="26,80,82,75,25,118,65,98,68,21,3,22,5" hai1="9,54,108,42,36,111,93,114,135,122,67,131,11" hai2="66,50,115,10,40,94,6,8,16,57,123,79,13" hai3="48,112,60,4,125,104,28,52,73,39,34,84,92"/><T109/><D118/><U23/><E122/><V33/><F123/><W17/><G112/><T24/><D109/><U7/><E67/><V20/><F115/><W133/><G133/><T97/><D3/><U76/><E114/><V91/><F79/><W105/><G73/><T18/><D5/><U99/><E11/><V37/><F33/><W134/><G134/><T1/><D1/><U63/><E76/><V74/><F74/><W32/><G125/><T12/><D75/><U90/><E131/><V102/><F102/><W100/><G39/><T121/><D121/><U27/><E36/><V64/><F10/><W116/><G4/><T35/><D35/><U2/><E42/><V88/><F91/><W103/><G116/><T69/><D65/><U130/><E130/><V71/><F71/><N who="0" m="27210" /><D12/><U124/><E124/><V47/><F57/><W38/><G38/><T51/><D51/><U86/><E86/><N who="2" m="52503" /><F37/><W106/><G60/><T31/><D18/><N who="1" m="12791" /><E135/><V41/><F40/><W46/><G17/><T78/><D31/><U129/><E129/><V72/><F72/><W49/><G49/><T56/><D78/><U87/><E87/><V107/><F107/><W44/><G44/><T61/><D56/><AGARI ba="0,0" hai="2,7,9,54,56,63,90,93,99,108,111" m="12791" machi="56" ten="30,1000,0" yaku="25,1" doraHai="30" who="1" fromWho="0" sc="287,-10,331,10,199,0,183,0" /><INIT seed="5,0,0,2,4,61" ten="277,341,199,183" oya="1" hai0="13,14,87,127,10,30,54,73,51,134,95,122,91" hai1="45,72,15,57,118,17,116,40,135,94,133,130,5" hai2="52,106,18,109,16,75,128,102,98,9,28,78,115" hai3="65,80,90,60,44,42,85,37,48,4,83,64,107"/><U100/><E72/><V82/><F109/><W88/><G107/><T129/><D129/><U0/><E130/><V26/><F128/><W12/><G37/><T121/><D127/><U126/><E126/><V74/><F74/><W50/><G60/><T112/><D112/><U7/><E0/><V92/><F115/><W105/><G105/><T56/><D134/><N who="1" m="51211" /><E57/><V46/><F106/><W84/><G50/><T62/><D73/><U29/><E29/><V117/><F117/><N who="1" m="45161" /><E94/><V89/><F102/><W47/><REACH who="3" step="1"/><G47/><REACH who="3" ten="277,341,199,173" step="2"/><T2/><D51/><N who="1" m="27047" /><E100/><V97/><F46/><W36/><G36/><T59/><D62/><U22/><AGARI ba="0,1" hai="5,7,15,17,22" m="27047,45161,51211" machi="22" ten="30,1500,0" yaku="20,1" doraHai="61" who="1" fromWho="1" sc="277,-5,341,25,199,-5,173,-5" /><INIT seed="5,1,0,3,2,97" ten="272,366,194,168" oya="1" hai0="100,111,99,106,69,82,121,107,98,61,116,79,31" hai1="66,54,28,113,131,104,93,2,7,44,36,50,77" hai2="120,22,81,118,12,119,63,8,76,128,84,55,40" hai3="9,114,52,23,19,127,88,123,56,134,103,21,18"/><U27/><E104/><V11/><F120/><W83/><G123/><T13/><D121/><U4/><E113/><V101/><F128/><W0/><G114/><T105/><D111/><U109/><E131/><V43/><F119/><W57/><G127/><T80/><D116/><U49/><E36/><V78/><F78/><W16/><G134/><T102/><D31/><U15/><E77/><V24/><F118/><W89/><G103/><T129/><D129/><U38/><E38/><V85/><F85/><N who="3" m="50239" /><G0/><T132/><D132/><U67/><E4/><V92/><F101/><W91/><G9/><T133/><D133/><U46/><E93/><V96/><F96/><W34/><G57/><T10/><D107/><U112/><E2/><V26/><F92/><W25/><G34/><T135/><D135/><U95/><E95/><V20/><F8/><W72/><G72/><T71/><D61/><U74/><E74/><V53/><F22/><N who="3" m="8203" /><G25/><N who="2" m="9833" /><F20/><W86/><G86/><T42/><D79/><U90/><E90/><V130/><F130/><W29/><G29/><T37/><D37/><U87/><E87/><V17/><F63/><AGARI ba="1,0" hai="16,18,19,52,56,63,89,91" m="8203,50239" machi="63" ten="30,7700,0" yaku="8,1,54,3" doraHai="97" who="3" fromWho="2" sc="272,0,366,0,194,-80,168,80" /><INIT seed="6,0,0,1,3,99" ten="272,366,114,248" oya="2" hai0="20,104,133,23,89,73,120,102,49,48,6,60,52" hai1="117,28,21,135,58,129,110,55,131,7,106,75,62" hai2="114,95,100,1,43,127,84,42,5,22,51,50,63" hai3="68,83,35,105,53,92,113,123,16,91,19,130,101"/><V41/><F114/><W90/><G123/><T36/><D36/><U59/><E75/><V116/><F116/><W33/><G68/><T10/><D120/><U88/><E106/><V119/><F119/><W108/><G108/><T98/><D133/><U97/><E110/><V44/><F127/><W18/><G130/><N who="1" m="49674" /><E7/><V4/><F22/><W126/><G126/><T124/><D124/><U94/><E135/><V65/><F1/><W12/><G12/><T128/><D128/><U46/><E117/><V57/><F57/><W30/><G105/><T121/><D121/><U115/><E115/><V25/><F25/><W86/><G30/><T56/><D73/><U77/><E77/><V118/><F118/><W31/><G113/><T81/><D81/><U38/><E38/><V3/><F84/><W80/><G80/><T112/><D89/><U37/><E37/><V79/><F79/><W13/><G13/><T32/><D32/><U9/><E9/><V15/><F3/><W26/><G53/><T103/><D103/><U132/><E58/><N who="2" m="37111" /><F15/><W66/><G66/><T109/><D109/><U47/><E132/><V96/><F51/><W122/><G122/><T107/><D107/><U85/><E85/><V134/><F134/><W82/><G35/><T0/><D112/><U70/><E70/><V76/><F76/><N who="3" m="46407" /><G83/><T29/><REACH who="0" step="1"/><D20/><REACH who="0" ten="262,366,114,248" step="2"/><U54/><E21/><V39/><F39/><W125/><G125/><T34/><D34/><U93/><E93/><V27/><F27/><AGARI ba="0,1" hai="0,6,10,23,27,29,48,49,52,56,60,98,102,104" machi="27" ten="40,5200,0" yaku="1,1,52,1,54,1,53,0" doraHai="99" doraHaiUra="72" who="0" fromWho="2" sc="262,62,366,0,114,-52,248,0" /><INIT seed="7,0,0,4,2,9" ten="324,366,62,248" oya="3" hai0="131,89,114,6,98,32,37,2,13,12,27,40,103" hai1="0,83,100,35,77,30,134,109,127,17,41,72,53" hai2="76,108,124,87,44,10,67,49,58,122,70,65,128" hai3="60,74,51,90,1,21,97,38,132,112,8,126,81"/><W73/><G38/><T19/><D131/><U80/><E127/><V14/><F108/><W43/><G126/><T61/><D89/><U66/><E134/><V107/><F107/><W117/><G117/><T129/><D129/><U29/><E0/><V84/><F128/><W24/><G132/><T120/><D120/><U99/><E35/><V93/><F70/><W88/><G112/><T121/><D121/><U106/><E109/><V133/><F122/><W115/><G115/><T123/><D123/><U15/><E41/><V63/><F124/><W45/><G90/><T54/><D114/><U57/><E80/><V59/><F133/><W64/><G1/><T48/><D61/><U5/><E5/><V23/><F23/><W119/><G119/><T4/><D40/><U94/><E66/><V130/><F130/><W111/><G111/><T55/><D37/><U56/><E106/><V118/><F118/><W47/><G47/><N who="0" m="27935" /><D55/><U62/><E56/><V34/><F34/><W135/><G135/><T79/><D79/><U105/><E105/><V125/><F125/><W42/><G42/><T116/><D116/><U92/><E94/><V101/><F101/><W86/><G97/><T85/><D85/><U104/><E92/><V96/><F96/><W46/><G46/><T25/><D32/><U18/><E18/><V20/><F20/><AGARI ba="0,0" hai="15,17,20,29,30,53,57,62,72,77,83,99,100,104" machi="20" ten="30,2000,0" yaku="7,1,52,1" doraHai="9" who="1" fromWho="2" sc="324,0,366,20,62,-20,248,0" owari="324,12.0,386,49.0,42,-46.0,248,-15.0" /></mjloggm>