<mjloggm ver="2.3"><GO type="169" lobby="0"/><UN n0="%E3%82%A2%E3%82%AF%E3%82%A2%E3%83%93%E3%83%BC%E3%83%8A%E3%82%B9" n1="%E7%82%8E%E3%81%AE%E3%83%88%E3%83%AC%E3%83%BC%E3%83%80%E3%83%BC" n2="%42%65%6E%63%68%69%6E%67" n3="%E3%83%92%E3%83%A8%E3%83%83%E3%81%B4%E3%83%BC%E2%88%9E" dan="17,16,18,16" rate="2184.19,2147.94,2247.10,2057.45" sx="M,M,M,M"/><TAIKYOKU oya="0"/><INIT seed="0,0,0,3,0,125" ten="250,250,250,250" oya="0" hai0="88,132,52,12,11,58,126,26,123,44,121,119,74" hai1="118,20,100,124,24,39,43,86,47,19,87,28,73" hai2="116,133,108,55,113,80,41,82,36,7,22,85,79" hai3="29,72,68,0,103,102,64,122,2,101,89,42,105"/><T8/><D119/><U14/><E73/><V27/><F113/><W4/><G72/><T13/><D126/><U6/><E124/><V112/><F112/><W62/><G42/><T66/><D74/><U96/><E118/><V49/><F108/><W84/><G122/><T128/><D132/><U75/><E6/><V130/><F36/><W83/><G4/><T117/><D117/><U46/><E75/><V127/><F41/><W63/><G63/><T17/><D66/><U40/><E96/><V77/><F127/><W18/><G29/><T25/><D44/><U61/><E61/><V38/><F38/><W70/><G70/><T94/><D128/><U16/><E100/><V111/><F116/><W57/><G68/><T107/><D107/><U60/><E60/><V34/><F34/><W23/><REACH who="3" step="1"/><G105/><REACH who="3" ten="250,250,250,240" step="2"/><T67/><D123/><U56/><E56/><V120/><F120/><W78/><G78/><T9/><D121/><U21/><REACH who="1" step="1"/><E28/><REACH who="1" ten="250,240,250,240" step="2"/><V35/><F7/><W99/><G99/><N who="0" m="57799" /><D67/><U31/><E31/><V37/><F111/><W76/><G76/><T134/><D134/><U10/><E10/><V69/><F79/><W1/><G1/><T33/><D11/><U135/><E135/><V93/><F77/><W65/><G65/><T129/><D33/><U53/><E53/><V15/><F55/><W59/><G59/><T109/><D109/><U51/><AGARI ba="0,2" hai="14,16,19,20,21,24,39,40,43,46,47,51,86,87" machi="51" ten="20,5200,0" yaku="1,1,0,1,7,1,54,1,53,0" doraHai="125" doraHaiUra="115" who="1" fromWho="1" sc="250,-26,240,72,250,-13,240,-13" /><INIT seed="1,0,0,2,2,24" ten="224,312,237,227" oya="1" hai0="81,5,84,122,70,52,96,63,121,3,15,112,126" hai1="120,32,50,57,80,77,33,134,38,72,109,64,65" hai2="9,8,42,12,25,58,116,20,11,94,111,74,130" hai3="124,123,110,117,18,43,87,79,105,125,99,66,16"/><U19/><E120/><V114/><F116/><W17/><G123/><N who="0" m="47115" /><D112/><U107/><E38/><V76/><F114/><W91/><G79/><T108/><D126/><U95/><E107/><V131/><F42/><W103/><G110/><T119/><D119/><U28/><E109/><V98/><F111/><W2/><G2/><T86/><D3/><U26/><E33/><V13/><F74/><W118/><G66/><N who="0" m="41311" /><D108/><U56/><E134/><V35/><F76/><W29/><G43/><T53/><D96/><U48/><E19/><V90/><F35/><W23/><G118/><T132/><D132/><U49/><REACH who="1" step="1"/><E95/><REACH who="1" ten="224,302,237,227" step="2"/><V0/><F131/><W89/><G117/><T30/><D30/><U85/><E85/><N who="0" m="32873" /><D81/><U36/><E36/><V7/><F130/><W67/><G87/><T104/><D104/><U75/><E75/><V115/><F115/><W6/><G29/><T59/><D59/><AGARI ba="0,1" hai="26,28,32,48,49,50,56,57,59,64,65,72,77,80" machi="59" ten="40,3900,0" yaku="1,1,52,1,53,0" doraHai="24" doraHaiUra="129" who="1" fromWho="0" sc="224,-39,302,49,237,0,227,0" /><INIT seed="1,1,0,5,5,108" ten="185,351,237,227" oya="1" hai0="112,98,61,56,125,12,85,88,27,53,80,14,62" hai1="120,110,39,52,76,100,63,15,90,34,40,21,31" hai2="26,58,121,92,83,127,10,126,130,55,29,96,133" hai3="109,0,71,116,46,134,101,25,135,64,5,47,84"/><U132/><E120/><V57/><F121/><W87/><G109/><T1/><D1/><U131/><E110/><V114/><F133/><W9/><G116/><T33/><D112/><U68/><E132/><N who="3" m="50730" /><G101/><T23/><D125/><N who="2" m="47626" /><F130/><W79/><G25/><T103/><D62/><U16/><E131/><V117/><F83/><N who="3" m="47231" /><G87/><T51/><D61/><AGARI ba="1,0" hai="0,5,9,46,47,61,64,71" m="47231,50730" machi="61" ten="30,1000,0" yaku="20,1" doraHai="108" who="3" fromWho="0" sc="185,-13,351,0,237,0,227,13" /><INIT seed="2,0,0,1,4,77" ten="172,351,237,240" oya="2" hai0="62,99,0,45,23,11,8,59,93,123,44,17,79" hai1="15,21,110,115,6,109,128,74,71,97,5,13,42" hai2="48,95,64,130,85,90,33,37,52,20,27,122,34" hai3="14,56,84,117,98,4,10,126,65,26,60,78,49"/><V135/><F122/><W16/><G126/><T54/><D123/><U67/><E74/><V40/><F130/><W1/><G117/><T127/><D127/><U76/><E115/><V111/><F135/><W63/><G63/><T82/><D8/><U73/><E128/><V102/><F111/><W3/><G98/><T112/><D112/><U57/><E71/><V104/><F64/><W66/><G66/><T43/><D43/><U24/><E42/><V12/><F37/><W75/><G75/><T101/><D11/><U116/><E116/><V55/><F40/><W94/><G49/><T131/><D0/><U107/><E107/><V35/><F55/><W96/><G26/><T30/><D30/><U129/><E97/><V7/><F7/><W38/><G38/><T124/><D131/><U61/><E129/><V134/><F134/><W69/><G69/><T2/><D2/><U47/><E47/><V39/><F39/><W22/><G3/><T83/><D124/><U89/><E5/><V87/><F87/><W46/><G46/><N who="0" m="18027" /><D79/><U80/><E89/><V18/><F104/><W114/><G114/><T41/><D41/><U105/><E105/><V58/><REACH who="2" step="1"/><F102/><REACH who="2" ten="172,351,227,240" step="2"/><W86/><G78/><T53/><D53/><U29/><E6/><V92/><F92/><W120/><G120/><T70/><D70/><U36/><E36/><V25/><AGARI ba="0,1" hai="12,18,20,25,27,33,34,35,48,52,58,85,90,95" machi="25" ten="40,12000,1" yaku="1,1,0,1,25,2,54,1,53,0" doraHai="77" doraHaiUra="119" who="2" fromWho="2" sc="172,-40,351,-40,227,130,240,-40" /><INIT seed="2,1,0,4,0,4" ten="132,311,357,200" oya="2" hai0="117,69,83,35,96,98,28,33,8,124,128,1,14" hai1="13,25,52,46,84,62,42,66,112,64,30,39,24" hai2="61,103,111,132,31,60,6,118,110,130,80,92,100" hai3="88,45,56,0,57,95,106,72,120,55,93,134,97"/><V43/><F118/><W17/><G106/><T105/><D1/><U75/><E75/><V109/><F132/><W125/><G125/><T87/><D124/><U126/><E112/><V127/><F127/><W22/><G134/><T82/><D69/><U20/><E126/><V2/><F130/><W3/><G72/><T32/><D128/><U65/><E84/><V108/><N who="2" m="27648" /><DORA hai="49" /><V133/><F133/><W19/><G45/><T68/><D68/><U102/><E102/><V51/><F31/><W16/><G120/><T44/><D117/><U78/><E78/><V27/><F27/><W9/><G57/><T101/><D28/><U58/><E25/><V123/><F80/><W59/><G59/><T73/><D96/><U116/><E116/><V7/><F123/><W86/><G9/><T119/><D119/><U18/><REACH who="1" step="1"/><E64/><REACH who="1" ten="132,301,357,200" step="2"/><V74/><F74/><W81/><G3/><T90/><D73/><U91/><E91/><V129/><F103/><W121/><G0/><T113/><D113/><U50/><E50/><V77/><F77/><N who="3" m="46383" /><G95/><T15/><D83/><U40/><E40/><V41/><F41/><W54/><G121/><T23/><D82/><U53/><E53/><N who="3" m="19978" /><G56/><T38/><D38/><U67/><E67/><V11/><F129/><W76/><G76/><T70/><D70/><U89/><E89/><V122/><F122/><W5/><G5/><T34/><D90/><U37/><E37/><V104/><F7/><W10/><G10/><AGARI ba="1,1" hai="10,13,18,20,24,30,39,42,46,52,58,62,65,66" machi="10" ten="30,8000,1" yaku="1,1,7,1,52,2,54,1,53,0" doraHai="4,49" doraHaiUra="135,85" who="1" fromWho="3" sc="132,0,301,93,357,0,200,-83" /><INIT seed="3,0,0,5,5,126" ten="132,394,357,117" oya="3" hai0="91,8,1,56,62,98,25,84,2,21,46,135,101" hai1="112,51,60,108,33,74,73,106,70,15,86,54,87" hai2="58,59,72,81,4,30,117,76,95,63,88,34,37" hai3="44,41,42,7,3,113,90,132,67,99,0,6,5"/><W94/><G113/><T61/><D135/><U129/><E106/><V127/><F127/><W36/><G132/><T134/><D46/><U120/><E33/><V102/><F117/><W80/><G42/><T22/><D134/><U20/><E112/><V78/><F78/><W133/><G133/><T31/><D22/><U28/><E120/><V10/><F37/><W18/><G67/><T89/><D62/><U119/><E119/><V38/><F38/><W45/><G45/><T29/><D29/><U49/><E28/><V111/><F102/><W23/><REACH who="3" step="1"/><G80/><REACH who="3" ten="132,394,357,107" step="2"/><T118/><D118/><U83/><E83/><V53/><F81/><W11/><G11/><T55/><D8/><U122/><E122/><V97/><F10/><W107/><G107/><T124/><D124/><U52/><E54/><V131/><F53/><W64/><G64/><T13/><D1/><U47/><E52/><V116/><F116/><W27/><AGARI ba="0,1" hai="0,3,5,6,7,18,23,27,36,41,44,90,94,99" machi="27" ten="30,6000,0" yaku="1,1,0,1,53,1" doraHai="126" doraHaiUra="68" who="3" fromWho="3" sc="132,-20,394,-20,357,-20,107,70" /><INIT seed="3,1,0,4,5,89" ten="112,374,337,177" oya="3" hai0="131,17,45,79,123,12,119,97,19,132,11,0,24" hai1="76,87,118,15,70,110,29,26,22,46,101,43,36" hai2="75,117,109,129,63,49,80,81,93,91,84,3,42" hai3="71,85,52,94,4,57,66,88,116,124,28,105,61"/><W72/><G116/><T44/><D123/><U86/><E70/><V62/><F109/><W31/><G105/><T39/><D119/><U90/><E118/><V18/><F3/><W51/><G72/><T38/><D0/><U77/><E110/><V40/><F129/><W54/><G124/><T134/><D131/><U98/><E15/><V53/><F117/><W60/><REACH who="3" step="1"/><G4/><REACH who="3" ten="112,374,337,167" step="2"/><N who="0" m="3175" /><D39/><U37/><E36/><V13/><F75/><W41/><G41/><T59/><D38/><U126/><E126/><V135/><F40/><W47/><AGARI ba="1,1" hai="28,31,47,51,52,54,57,60,61,66,71,85,88,94" machi="47" ten="20,24000,3" yaku="1,1,0,1,7,1,52,1,54,2,53,2" doraHai="89" doraHaiUra="58" who="3" fromWho="3" sc="112,-81,374,-81,337,-81,167,253" /><INIT seed="3,2,0,1,0,120" ten="31,293,256,420" oya="3" hai0="1,14,90,123,118,91,7,68,134,22,28,96,73" hai1="39,29,116,107,112,25,125,119,104,57,132,79,128" hai2="34,106,105,86,18,62,36,76,69,41,15,26,126" hai3="17,32,44,64,24,27,2,98,56,50,82,33,60"/><W47/><G2/><T133/><D90/><U8/><E112/><V77/><F126/><W101/><G47/><T55/><D91/><U0/><E39/><V135/><F135/><W92/><G32/><T10/><D55/><U115/><E132/><N who="0" m="50793" /><D96/><U11/><E115/><V70/><F36/><W9/><G33/><T65/><D73/><U4/><E125/><V94/><F41/><W108/><G108/><T49/><D49/><U85/><E128/><V6/><F106/><W16/><G82/><T63/><D118/><N who="1" m="45099" /><E11/><V75/><F34/><W131/><G131/><T61/><D61/><U81/><E57/><V53/><F105/><W117/><G117/><T31/><D123/><U58/><E58/><V71/><F75/><W42/><G9/><N who="0" m="2287" /><D22/><AGARI ba="2,0" hai="0,4,8,22,25,29,79,81,85,104,107" m="45099" machi="22" ten="30,1000,0" yaku="12,1" doraHai="120" who="1" fromWho="0" sc="31,-16,293,16,256,0,420,0" /><INIT seed="4,0,0,3,5,51" ten="15,309,256,420" oya="0" hai0="14,48,13,52,6,128,86,23,11,47,24,68,80" hai1="121,46,73,8,124,115,26,117,77,59,109,118,31" hai2="5,62,19,104,9,100,106,107,53,126,40,102,79" hai3="75,74,18,114,36,92,90,89,78,133,123,88,132"/><T97/><D128/><U34/><E121/><V21/><F126/><W116/><G36/><T103/><D68/><U101/><E124/><V119/><F119/><W4/><G4/><T135/><D135/><N who="3" m="51785" /><G18/><T69/><D69/><U113/><E109/><V0/><F40/><W7/><G7/><T72/><D72/><N who="3" m="27689" /><G78/><T39/><D39/><U76/><E101/><V20/><F79/><N who="1" m="30281" /><E73/><V15/><REACH who="2" step="1"/><F21/><REACH who="2" ten="15,309,246,420" step="2"/><W56/><G116/><T84/><D80/><U37/><E118/><V94/><F94/><W108/><G123/><T134/><D134/><U96/><E117/><V98/><F98/><W49/><G108/><T27/><D14/><U22/><E96/><V81/><F81/><W95/><G114/><N who="1" m="43530" /><E22/><V55/><F55/><AGARI ba="0,1" hai="49,55,56,88,89,90,92,95" m="27689,51785" machi="55" ten="40,5200,0" yaku="20,1,52,1,54,1" doraHai="51" who="3" fromWho="2" sc="15,0,309,0,246,-52,420,62" /><INIT seed="5,0,0,2,3,115" ten="15,309,194,482" oya="1" hai0="119,77,97,40,60,0,43,37,73,74,72,15,81" hai1="79,64,85,89,48,32,91,95,26,110,105,1,12" hai2="10,80,6,59,8,116,13,88,56,35,3,114,38" hai3="34,62,46,4,120,33,11,17,132,111,92,131,58"/><U113/><E1/><V90/><F116/><W21/><G131/><T76/><D119/><U69/><E105/><V5/><F114/><W25/><G132/><T121/><D121/><U93/><E113/><V112/><F112/><W84/><G111/><T27/><D0/><U57/><E69/><V29/><F38/><W30/><G46/><T31/><D15/><U28/><E110/><V55/><F56/><W78/><G78/><T103/><D60/><U45/><E79/><V118/><F118/><W101/><G17/><T66/><D66/><U7/><E7/><V109/><F109/><W125/><G125/><T130/><D130/><U51/><E12/><V16/><F6/><W99/><G84/><T36/><D40/><U135/><E135/><V102/><F102/><W70/><G70/><T127/><D127/><U41/><E64/><V75/><F75/><W94/><G94/><T100/><D100/><U68/><E68/><V117/><F117/><W82/><G82/><T107/><D43/><U67/><E67/><V14/><F3/><W87/><G87/><T53/><D53/><U19/><E19/><V65/><F65/><N who="3" m="39127" /><G120/><T98/><D98/><U126/><E126/><V47/><F47/><W108/><G108/><T24/><D24/><U86/><E57/><V18/><F5/><W42/><G42/><T128/><D128/><U134/><E134/><V83/><F83/><W44/><G44/><T122/><D122/><U49/><AGARI ba="0,0" hai="26,28,32,41,45,48,49,51,85,86,89,91,93,95" machi="49" ten="20,3900,0" yaku="0,1,7,1,9,1" doraHai="115" who="1" fromWho="1" sc="15,-13,309,39,194,-13,482,-13" /><INIT seed="5,1,0,3,0,122" ten="2,348,181,469" oya="1" hai0="66,57,13,58,108,127,38,56,48,126,117,69,75" hai1="46,134,0,103,51,90,67,4,64,129,131,99,23" hai2="16,37,135,10,110,31,17,2,41,28,128,101,19" hai3="113,87,70,132,33,119,94,76,93,115,24,81,36"/><U50/><E90/><V22/><F101/><W104/><G104/><T72/><D13/><U21/><E134/><V32/><F37/><W35/><G70/><T30/><D30/><U20/><E4/><V106/><F41/><W25/><G36/><T88/><D38/><U9/><E9/><V5/><F106/><W102/><G119/><T60/><D117/><U109/><E0/><V27/><F135/><W84/><G102/><T52/><D75/><U49/><E46/><V73/><F73/><W83/><G132/><T43/><D72/><U82/><E82/><V111/><F128/><W107/><G107/><T3/><D3/><U7/><E7/><V116/><F116/><W89/><G89/><T97/><D43/><U68/><E68/><V62/><F62/><W105/><G105/><T100/><D100/><U80/><E80/><V55/><F55/><W8/><G8/><T130/><D130/><U133/><E133/><V18/><F31/><W12/><G12/><AGARI ba="1,0" hai="2,5,10,12,16,17,18,19,22,27,28,32,110,111" machi="12" ten="40,16000,3" yaku="24,2,34,3,52,2,54,1" doraHai="122" who="2" fromWho="3" sc="2,0,348,0,181,163,469,-163" /><INIT seed="6,0,0,5,1,5" ten="2,348,344,306" oya="2" hai0="0,104,54,85,41,88,8,73,118,127,65,76,23" hai1="112,107,43,66,96,1,75,135,116,81,9,134,101" hai2="24,36,77,26,64,70,57,45,117,55,120,58,63" hai3="53,28,21,61,15,89,131,95,49,39,30,69,110"/><V99/><F120/><W3/><G3/><T44/><D54/><U84/><E116/><V108/><F117/><W129/><G110/><T18/><D127/><U111/><E111/><V25/><F108/><W10/><G39/><T31/><D31/><U132/><E112/><V50/><F77/><W92/><G92/><T71/><D71/><U37/><E66/><V12/><F99/><W130/><G21/><T105/><D105/><U79/><E43/><N who="2" m="22759" /><F58/><W59/><G61/><T103/><D103/><U2/><E37/><V78/><F78/><W74/><G74/><T102/><D102/><U6/><E84/><V29/><F12/><AGARI ba="0,0" hai="1,2,6,9,12,75,79,81,96,101,107,132,134,135" machi="12" ten="40,2600,0" yaku="20,1,52,1" doraHai="5" who="1" fromWho="2" sc="2,0,348,26,344,-26,306,0" /><INIT seed="7,0,0,0,5,2" ten="2,374,318,306" oya="3" hai0="43,102,101,39,17,131,60,109,12,57,117,48,105" hai1="79,111,72,124,97,51,85,91,67,50,78,74,61" hai2="77,56,63,4,52,59,118,122,112,130,27,62,53" hai3="99,103,106,93,68,20,84,8,75,73,134,37,70"/><W95/><G37/><T125/><D125/><U116/><E111/><V25/><F118/><W3/><G68/><T129/><D129/><U44/><E116/><V6/><F130/><W96/><G70/><T10/><D10/><U34/><E34/><V126/><F126/><W71/><G71/><T94/><D94/><N who="1" m="56543" /><E74/><N who="3" m="28170" /><G20/><T36/><D36/><U18/><E72/><V26/><F122/><W120/><G8/><T23/><D23/><U58/><E124/><V132/><F132/><W22/><G22/><T66/><D66/><U92/><E18/><V108/><F108/><W114/><G3/><T42/><D42/><N who="1" m="24855" /><E51/><V89/><F112/><W38/><G38/><T90/><D90/><AGARI ba="0,0" hai="58,61,67,78,79,85,90,92" m="24855,56543" machi="90" ten="30,1000,0" yaku="8,1" doraHai="2" who="1" fromWho="0" sc="2,-10,374,10,318,0,306,0" owari="-8,-51.0,384,48.0,318,12.0,306,-9.0" /></mjloggm>