<mjloggm ver="2.3"><GO type="169" lobby="0"/><UN n0="%2A%72%61%79" n1="%43%E3%82%A8%E3%83%BC%E3%82%B8%E3%82%A7%E3%83%B3%E3%83%88" n2="%E3%81%9F%E3%81%BE%E5%AD%90" n3="%E3%81%97%E3%82%89%E3%81%84%E3%81%97%E3%81%BE%E3%81%84" dan="16,16,16,17" rate="2145.87,2067.20,2105.66,2174.28" sx="F,M,M,M"/><TAIKYOKU oya="0"/><INIT seed="0,0,0,4,4,63" ten="250,250,250,250" oya="0" hai0="119,36,55,33,102,112,130,96,57,82,101,117,91" hai1="103,13,4,98,115,106,62,42,122,121,16,127,47" hai2="92,124,9,120,6,37,126,84,70,100,40,69,61" hai3="109,80,128,125,59,14,72,131,94,8,31,86,28"/><T15/><D33/><U85/><E127/><N who="2" m="48683" /><F120/><W105/><G105/><T79/><D36/><U53/><E115/><V68/><F40/><W76/><G109/><T10/><D102/><U24/><E85/><V27/><F27/><W132/><G132/><T44/><D130/><N who="3" m="49705" /><G59/><T17/><D112/><U48/><E4/><V0/><F37/><W65/><G65/><T123/><D123/><U81/><E24/><V39/><F39/><W133/><G133/><T97/><D97/><U11/><REACH who="1" step="1"/><E81/><REACH who="1" ten="250,240,250,250" step="2"/><V110/><F110/><W90/><G125/><T129/><D129/><U52/><E52/><V89/><F100/><W116/><G116/><T7/><D7/><AGARI ba="0,1" hai="7,8,14,28,31,72,76,80,86,90,94" m="49705" machi="7" ten="30,1000,0" yaku="19,1" doraHai="63" who="3" fromWho="0" sc="250,-10,240,0,250,0,250,20" /><INIT seed="1,0,0,0,1,51" ten="240,240,250,270" oya="1" hai0="97,15,130,128,4,116,80,118,102,49,7,89,41" hai1="13,53,123,108,95,126,0,44,84,57,74,100,113" hai2="17,34,30,94,60,134,101,120,99,29,26,27,129" hai3="38,37,81,19,2,107,18,45,133,42,76,79,105"/><U59/><E0/><V67/><F120/><W16/><G2/><T20/><D41/><U91/><E113/><V93/><F129/><N who="0" m="49770" /><D80/><U135/><E123/><V24/><F134/><W39/><G133/><T124/><D89/><U28/><E135/><V78/><F78/><W68/><G68/><T86/><D86/><U3/><E3/><V9/><F9/><W61/><G61/><T71/><D71/><U121/><E126/><V40/><F17/><W92/><G92/><T47/><D20/><U90/><E74/><V104/><F27/><W127/><G127/><T52/><D124/><U132/><E132/><V77/><F77/><W66/><G66/><T14/><D14/><U83/><E100/><V31/><F31/><W64/><G64/><T23/><D23/><U5/><E28/><V10/><F10/><W56/><G56/><T46/><D46/><U70/><E70/><V50/><F50/><W106/><REACH who="3" step="1"/><G76/><REACH who="3" ten="240,240,250,260" step="2"/><T58/><D58/><U115/><E121/><V22/><REACH who="2" step="1"/><F40/><REACH who="2" ten="240,240,240,260" step="2"/><W88/><G88/><T98/><D15/><U125/><E125/><V117/><F117/><N who="0" m="45162" /><D102/><U103/><E103/><V8/><F8/><W65/><G65/><T36/><D36/><U87/><E91/><V12/><F12/><W112/><G112/><T62/><D62/><U85/><E115/><V21/><F21/><W114/><G114/><T111/><D111/><U75/><E108/><V72/><F72/><AGARI ba="0,2" hai="16,18,19,37,38,39,42,45,72,79,81,105,106,107" machi="72" ten="50,6400,0" yaku="1,1,54,1,53,1" doraHai="51" doraHaiUra="43" who="3" fromWho="2" sc="240,0,240,0,240,-64,260,84" /><INIT seed="2,0,0,4,5,32" ten="240,240,176,344" oya="2" hai0="75,108,104,19,30,35,47,11,124,31,8,48,110" hai1="105,5,21,91,96,38,86,106,55,128,111,87,36" hai2="34,12,129,73,117,112,4,65,88,116,24,95,94" hai3="133,18,58,46,85,23,120,130,118,15,125,72,2"/><V101/><F112/><W77/><G120/><T127/><D48/><U6/><E111/><N who="0" m="42537" /><D47/><U82/><E128/><V56/><F129/><W102/><G133/><T122/><D104/><U70/><E70/><V25/><F73/><W59/><G72/><T135/><D75/><U115/><E115/><V99/><F34/><W74/><G2/><T44/><D44/><U14/><E55/><V29/><F4/><W60/><G74/><T17/><D122/><U7/><E96/><V61/><F12/><W26/><G125/><N who="0" m="48203" /><D135/><U113/><E113/><V131/><F131/><W13/><G46/><T43/><D43/><U80/><E21/><N who="2" m="15503" /><F25/><W126/><G26/><N who="0" m="18903" /><D31/><U33/><E33/><V63/><F63/><W42/><G60/><T20/><D19/><U67/><E67/><V114/><F114/><W54/><G18/><T66/><D66/><U123/><E123/><V37/><F37/><W92/><G42/><T50/><D50/><U22/><E36/><V121/><F121/><W1/><G54/><T27/><AGARI ba="0,0" hai="8,11,17,20,27" m="18903,48203,42537" machi="27" ten="30,7900,0" yaku="14,1,18,1,34,2" doraHai="32" who="0" fromWho="0" sc="240,79,240,-20,176,-39,344,-20" /><INIT seed="3,0,0,4,4,89" ten="319,220,137,324" oya="3" hai0="31,115,98,74,114,0,54,72,129,103,45,14,128" hai1="3,116,104,12,101,10,38,119,30,15,41,60,46" hai2="49,120,37,90,53,95,28,55,106,93,134,67,78" hai3="130,18,131,62,135,33,117,59,20,96,79,5,2"/><W17/><G117/><N who="1" m="45130" /><E30/><V88/><F106/><W58/><G33/><T47/><D14/><U84/><E84/><N who="2" m="52359" /><F37/><W1/><G79/><T13/><D13/><U22/><E22/><V56/><F134/><W91/><G135/><T81/><D54/><U113/><E113/><N who="0" m="43017" /><D47/><U94/><E104/><V4/><F120/><W100/><G91/><T92/><D45/><U87/><E60/><N who="2" m="38279" /><F78/><W108/><G108/><T86/><D31/><U65/><E65/><V85/><F28/><W40/><G1/><T11/><D11/><U118/><E87/><V39/><F39/><W126/><G2/><T7/><D7/><N who="1" m="1407" /><E118/><V35/><F35/><W61/><G5/><T52/><D0/><U73/><E73/><N who="0" m="28265" /><D52/><N who="2" m="20042" /><F4/><W32/><G32/><T77/><AGARI ba="0,0" hai="77,81,86,92,98,103,128,129" m="28265,43017" machi="77" ten="40,8000,1" yaku="11,1,34,2,52,1" doraHai="89" who="0" fromWho="0" sc="319,80,220,-20,137,-20,324,-40" /><INIT seed="4,0,0,2,5,135" ten="399,200,117,284" oya="0" hai0="72,57,50,35,33,3,23,18,126,7,111,19,37" hai1="49,43,125,52,65,76,131,2,108,95,31,58,84" hai2="1,10,73,9,68,8,20,127,123,53,116,100,103" hai3="29,56,27,97,130,102,21,105,34,28,106,81,12"/><T48/><D57/><U78/><E108/><V32/><F123/><W30/><G130/><T42/><D50/><U62/><E2/><V113/><F32/><N who="0" m="12362" /><D48/><U51/><E131/><V93/><F73/><W44/><G106/><T55/><D55/><U132/><E132/><V80/><F1/><W133/><G133/><T96/><D96/><U71/><E31/><V66/><F113/><W75/><G34/><T90/><D90/><U109/><E109/><V107/><F107/><W89/><G12/><N who="0" m="9671" /><D19/><U83/><E78/><V6/><F66/><W74/><G74/><T64/><D64/><U67/><E95/><V5/><F68/><W92/><G56/><T120/><D120/><U129/><E129/><V47/><F53/><W41/><G81/><T16/><D16/><U82/><E83/><V114/><F93/><W115/><G75/><T11/><D11/><U104/><E104/><V87/><F47/><W88/><G115/><T38/><D38/><U26/><E67/><V112/><F80/><W99/><REACH who="3" step="1"/><G89/><REACH who="3" ten="399,200,117,274" step="2"/><T4/><D72/><U69/><E69/><V60/><F114/><W45/><G45/><T117/><D3/><U86/><E71/><V124/><F112/><W119/><G119/><T70/><D70/><U85/><E82/><V22/><F116/><W40/><G40/><T63/><D117/><U94/><E43/><V79/><F5/><N who="0" m="2122" /><D42/><U122/><E76/><V59/><F6/><W77/><G77/><T101/><D111/><U121/><E121/><V24/><F79/><W36/><AGARI ba="0,1" hai="21,27,28,29,30,36,41,44,88,92,97,99,102,105" machi="36" ten="20,8000,1" yaku="1,1,0,1,7,1,54,1,53,1" doraHai="135" doraHaiUra="98" who="3" fromWho="3" sc="399,-40,200,-20,117,-20,274,90" /><INIT seed="5,0,0,0,5,46" ten="359,180,97,364" oya="1" hai0="50,110,44,20,62,129,105,101,68,37,124,6,33" hai1="31,42,1,71,132,7,52,16,117,116,99,12,91" hai2="34,120,36,80,93,9,66,54,133,103,11,89,47" hai3="76,2,30,87,90,23,125,86,85,32,64,39,96"/><U107/><E132/><V35/><F133/><W111/><G39/><T26/><D6/><U123/><E123/><V108/><F108/><W94/><G2/><T29/><D20/><U5/><E71/><V43/><F120/><W127/><G32/><T98/><D110/><U92/><E107/><V53/><F66/><W3/><G3/><T113/><D113/><U13/><E42/><V77/><F103/><W41/><G41/><N who="0" m="22575" /><D124/><N who="3" m="47689" /><G64/><N who="0" m="40983" /><D129/><U58/><E31/><V78/><F35/><W61/><G61/><T102/><D102/><U19/><E1/><V131/><F131/><W69/><G69/><T60/><D60/><U115/><E115/><V45/><F34/><W84/><G111/><T55/><D55/><U8/><E117/><V0/><F77/><W128/><G128/><T40/><D40/><U75/><E75/><V135/><F135/><W63/><G63/><T126/><D126/><U51/><E116/><V112/><F112/><W59/><G23/><AGARI ba="0,0" hai="5,7,8,12,13,16,19,23,51,52,58,91,92,99" machi="23" ten="30,12000,1" yaku="7,1,8,1,52,1,54,2" doraHai="46" who="1" fromWho="3" sc="359,0,180,120,97,0,364,-120" /><INIT seed="5,1,0,2,0,76" ten="359,300,97,244" oya="1" hai0="98,20,42,122,117,131,15,101,47,80,7,103,88" hai1="128,89,75,78,92,4,52,2,17,69,41,61,90" hai2="32,39,95,107,35,43,77,36,14,105,12,67,33" hai3="134,34,3,72,125,24,99,104,118,70,1,93,22"/><U5/><E128/><V29/><F95/><W83/><G70/><T116/><D7/><U132/><E132/><V16/><F67/><W85/><G34/><T86/><D131/><U79/><E41/><V108/><F108/><W81/><G125/><T6/><D103/><U94/><E17/><V64/><F64/><W56/><G134/><T115/><D115/><U135/><E135/><V19/><F29/><W30/><G104/><T51/><D122/><U25/><E25/><V126/><F126/><W59/><G118/><T44/><D44/><U112/><E112/><V0/><F43/><W109/><G109/><T57/><D57/><U74/><E61/><V65/><F65/><W119/><G119/><T55/><D42/><U114/><E114/><V102/><F77/><W50/><G72/><T23/><D23/><U46/><E46/><V49/><F49/><W87/><G3/><T28/><D6/><U124/><E124/><V54/><F54/><N who="3" m="31831" /><G59/><T96/><D96/><U8/><E2/><V9/><F0/><W130/><G1/><T123/><D123/><U58/><E8/><V66/><F66/><W133/><G133/><T129/><D129/><U113/><E58/><V11/><REACH who="2" step="1"/><F35/><REACH who="2" ten="359,300,87,244" step="2"/><W111/><G111/><T68/><D117/><U21/><E113/><V63/><F63/><W38/><G130/><T18/><D116/><U62/><E62/><V100/><AGARI ba="1,1" hai="9,11,12,14,16,19,32,33,36,39,100,102,105,107" machi="100" ten="25,8000,1" yaku="1,1,0,1,22,2,54,1,53,0" doraHai="76" doraHaiUra="127" who="2" fromWho="2" sc="359,-21,300,-41,87,93,244,-21" /><INIT seed="6,0,0,1,3,91" ten="338,259,180,223" oya="2" hai0="13,130,121,45,120,60,90,118,65,105,101,126,20" hai1="61,86,17,6,115,33,73,19,134,7,89,102,18" hai2="23,53,92,116,27,83,10,24,110,42,76,81,95" hai3="74,87,84,70,2,66,41,59,36,125,46,77,31"/><V57/><F116/><W119/><G119/><T0/><D118/><U135/><E33/><V79/><F110/><W107/><G107/><T127/><D13/><U21/><E73/><V98/><F42/><W85/><G2/><T78/><D20/><U133/><E115/><V11/><F98/><W14/><G125/><N who="0" m="47627" /><D45/><U104/><E61/><V88/><F83/><W99/><G31/><T52/><D52/><U94/><E21/><V25/><F23/><W72/><G70/><T68/><D0/><U39/><E39/><V43/><F43/><W71/><G71/><T75/><D90/><U56/><E56/><V131/><F131/><W114/><G114/><T100/><D130/><U132/><E132/><V122/><F122/><N who="0" m="47210" /><D105/><U67/><E67/><V128/><F128/><W97/><G14/><T35/><D35/><U30/><E30/><V40/><F40/><W12/><G12/><T58/><D68/><U108/><E108/><V111/><F111/><W62/><G77/><N who="2" m="29769" /><F81/><AGARI ba="0,0" hai="58,60,65,75,78,81,100,101" m="47210,47627" machi="81" ten="30,1000,0" yaku="18,1" doraHai="91" who="0" fromWho="2" sc="338,10,259,0,180,-10,223,0" /><INIT seed="7,0,0,5,4,48" ten="348,259,170,223" oya="3" hai0="65,8,55,75,14,38,91,60,6,89,20,51,74" hai1="7,112,44,31,100,124,76,57,133,102,85,116,56" hai2="90,118,16,88,21,98,80,64,104,117,77,5,10" hai3="11,37,53,99,121,69,134,130,78,120,59,33,92"/><W95/><G69/><T67/><D38/><U81/><E112/><V68/><F68/><W0/><G33/><T36/><D36/><U23/><E133/><V35/><F35/><W66/><G134/><T18/><D75/><U87/><E124/><V110/><F110/><W93/><G37/><T4/><D74/><U97/><E7/><N who="0" m="2601" /><D8/><U63/><E44/><V40/><F64/><N who="0" m="24650" /><D60/><U52/><E116/><V94/><F40/><W34/><G34/><T32/><D32/><U70/><E70/><V27/><F104/><W39/><G39/><T26/><D26/><U109/><E109/><V126/><F90/><W41/><G41/><T45/><AGARI ba="0,0" hai="14,18,20,45,51,55,89,91" m="24650,2601" machi="45" ten="30,2000,0" yaku="8,1,52,1" doraHai="48" who="0" fromWho="0" sc="348,20,259,-5,170,-5,223,-10" owari="368,47.0,254,5.0,165,-33.0,213,-19.0" /></mjloggm>