<mjloggm ver="2.3"><GO type="169" lobby="0"/><UN n0="%E3%81%93%E3%81%86%E3%81%9B%E3%81%84%E3%81%A9%E3%82%93" n1="%E8%87%B3%E9%AB%98%E3%81%AE%E3%81%A0%E3%81%A0%E3%81%A1%E3%82%83%E8%B1%86" n2="%6E%61%6B%69%6F" n3="%E5%9D%8A%E3%82%84%E3%81%A1%E3%81%A4" dan="16,16,16,16" rate="2158.36,2068.99,2171.67,2055.30" sx="M,M,M,M"/><TAIKYOKU oya="0"/><INIT seed="0,0,0,3,4,9" ten="250,250,250,250" oya="0" hai0="57,84,72,10,22,14,49,20,50,96,86,81,103" hai1="24,3,44,54,77,78,75,36,108,29,90,114,12" hai2="83,33,127,112,23,56,27,130,47,122,93,101,87" hai3="69,132,55,94,74,11,119,121,2,68,92,109,35"/><T116/><D72/><U118/><E108/><V52/><F122/><W28/><G109/><T8/><D116/><U111/><E111/><V51/><F112/><W110/><G119/><T133/><D133/><U117/><E114/><V95/><F33/><W18/><G74/><T76/><D84/><U5/><E3/><V45/><F130/><W38/><G38/><T26/><D8/><U25/><E90/><V4/><F127/><W42/><G35/><T59/><D59/><U80/><E78/><V66/><F4/><W125/><G2/><T134/><D134/><U106/><E106/><V21/><F21/><W129/><G68/><T97/><D22/><U70/><E70/><V71/><F71/><W126/><G69/><T1/><D1/><U135/><E135/><V105/><F105/><W48/><G121/><T7/><D57/><U41/><E54/><V53/><F66/><W58/><G132/><T13/><D13/><U17/><E25/><V123/><F101/><W37/><G37/><T64/><D64/><U79/><E5/><V62/><F45/><W30/><G129/><T32/><D32/><U46/><E79/><N who="2" m="46591" /><F123/><W88/><G125/><T43/><D103/><U6/><E46/><V61/><F61/><W113/><G113/><T100/><D100/><U131/><E6/><V73/><F73/><W82/><G126/><T16/><D49/><U40/><E40/><V104/><F104/><W128/><G128/><T19/><D19/><AGARI ba="0,0" hai="19,23,27,47,51,52,53,56,62,93,95" m="46591" machi="19" ten="30,2000,0" yaku="8,1,54,1" doraHai="9" who="2" fromWho="0" sc="250,-20,250,0,250,20,250,0" /><INIT seed="1,0,0,5,5,26" ten="230,250,270,250" oya="1" hai0="37,124,75,78,88,43,125,51,110,64,41,13,29" hai1="99,20,2,22,132,116,32,109,56,107,119,76,83" hai2="57,74,80,85,21,31,118,69,0,114,6,104,130" hai3="44,36,113,103,71,40,90,18,63,67,9,133,39"/><U121/><E121/><V4/><F118/><W91/><G113/><T81/><D37/><U120/><E120/><V48/><F69/><W111/><G111/><T102/><D110/><U73/><E109/><V126/><F74/><W59/><G39/><T16/><D102/><U1/><E56/><V95/><F104/><W89/><G103/><T12/><D64/><U28/><E22/><V122/><F122/><W65/><G133/><T77/><D77/><U92/><E132/><V5/><F114/><W117/><G117/><T15/><D51/><U100/><E20/><V30/><F0/><N who="1" m="105" /><E92/><V131/><F126/><N who="0" m="48746" /><D29/><N who="2" m="10762" /><F21/><W34/><G34/><T93/><D16/><U106/><E106/><V87/><F95/><W8/><G18/><T49/><D49/><U84/><E84/><AGARI ba="0,0" hai="12,13,15,41,43,75,78,81,84,88,93" m="48746" machi="84" ten="30,2000,0" yaku="18,1,54,1" doraHai="26" who="0" fromWho="1" sc="230,20,250,-20,270,0,250,0" /><INIT seed="2,0,0,0,1,109" ten="250,230,270,250" oya="2" hai0="124,105,53,133,8,17,42,64,130,21,33,125,52" hai1="11,81,46,72,16,95,59,0,1,22,115,85,121" hai2="58,79,131,38,76,37,71,107,99,129,60,93,45" hai3="100,132,73,30,98,113,18,40,96,7,74,57,44"/><V116/><F107/><W103/><G132/><T12/><D33/><U102/><E121/><V3/><F71/><W135/><G135/><T43/><D133/><U112/><E72/><V54/><F3/><W123/><G7/><T65/><D105/><U68/><E68/><V84/><F116/><W67/><G30/><T10/><D130/><N who="2" m="49674" /><F84/><W62/><G123/><T104/><D104/><U28/><E28/><V4/><F4/><W89/><G74/><T13/><D21/><U70/><E70/><V118/><F118/><W101/><G73/><T26/><D26/><U27/><E1/><V126/><F126/><W48/><G113/><T117/><D117/><U19/><E59/><V114/><F114/><W75/><G75/><T94/><D94/><U20/><E0/><V82/><F45/><W23/><REACH who="3" step="1"/><G89/><REACH who="3" ten="250,230,270,240" step="2"/><T24/><D24/><AGARI ba="0,1" hai="18,23,24,40,44,48,57,62,67,96,98,100,101,103" machi="24" ten="40,5200,0" yaku="1,1,2,1,8,1,53,0" doraHai="109" doraHaiUra="88" who="3" fromWho="0" sc="250,-52,230,0,270,0,240,62" /><INIT seed="3,0,0,4,5,70" ten="198,230,270,302" oya="3" hai0="82,79,72,1,32,38,102,62,74,57,52,39,100" hai1="110,88,20,86,31,37,6,132,121,59,90,91,69" hai2="111,13,45,94,87,89,24,55,97,105,120,92,76" hai3="8,44,9,101,128,65,66,131,30,50,115,73,10"/><W40/><G115/><T54/><D32/><U108/><E121/><V124/><F111/><N who="1" m="42537" /><E69/><V56/><F124/><W125/><G125/><T21/><D1/><U12/><E132/><V26/><F120/><W35/><G73/><T61/><D21/><U133/><E133/><V5/><F105/><W14/><G14/><T11/><D11/><N who="1" m="4215" /><E59/><V118/><F45/><W78/><G78/><T71/><D71/><U75/><E75/><V46/><F46/><W58/><G101/><T16/><D57/><U17/><E31/><V123/><F118/><W95/><G95/><T109/><D79/><U15/><E86/><V129/><F129/><N who="3" m="49739" /><G58/><T106/><D109/><U104/><E104/><V126/><F126/><W85/><G85/><T22/><D106/><U68/><E68/><V3/><F3/><W93/><G93/><T25/><D22/><U29/><E29/><V81/><F94/><W27/><AGARI ba="0,0" hai="8,9,10,27,30,35,40,44,50,65,66" m="49739" machi="27" ten="40,2100,0" yaku="19,1" doraHai="70" who="3" fromWho="3" sc="198,-7,230,-7,270,-7,302,21" /><INIT seed="3,1,0,5,1,14" ten="191,223,263,323" oya="3" hai0="63,2,22,50,6,60,90,52,46,44,10,0,36" hai1="61,49,92,45,122,100,129,38,95,56,39,89,3" hai2="109,112,75,12,125,66,5,23,81,72,40,31,135" hai3="98,130,108,127,65,28,47,101,69,62,57,37,93"/><W123/><G123/><T115/><D115/><U13/><E122/><V64/><F112/><W131/><G127/><T88/><D0/><U85/><E129/><N who="3" m="49162" /><G108/><T15/><D36/><U27/><E3/><V94/><F109/><W4/><G4/><T117/><D117/><U48/><E27/><V55/><F125/><W120/><G28/><T59/><D2/><U67/><E100/><V34/><F40/><N who="3" m="22927" /><G120/><T119/><D119/><U97/><E38/><V79/><F75/><W113/><G113/><T19/><D46/><U118/><E39/><V53/><F34/><W51/><G51/><T35/><D35/><U54/><E118/><V70/><F70/><AGARI ba="1,0" hai="57,62,65,69,70,93,98,101" m="22927,49162" machi="70" ten="30,1500,0" yaku="19,1" doraHai="14" who="3" fromWho="2" sc="191,0,223,0,263,-18,323,18" /><INIT seed="3,2,0,1,0,115" ten="191,223,245,341" oya="3" hai0="45,133,56,31,22,34,41,122,58,18,99,110,64" hai1="12,117,132,108,49,67,10,47,32,101,50,26,19" hai2="88,103,8,66,134,119,135,94,20,1,78,42,24" hai3="102,44,17,48,13,55,118,127,21,75,37,90,54"/><W7/><G118/><T30/><D122/><U9/><E108/><V81/><F103/><W53/><G127/><T109/><D133/><N who="2" m="50698" /><F42/><W123/><G75/><T46/><D99/><U25/><E132/><V89/><F66/><W43/><G37/><T59/><D64/><U36/><E36/><V126/><F126/><W51/><G123/><T112/><D112/><U71/><E101/><V16/><F119/><W84/><G102/><T0/><D0/><U14/><E117/><V74/><F94/><W130/><G7/><AGARI ba="2,0" hai="1,7,8,16,20,24,74,78,81,88,89" m="50698" machi="7" ten="30,3900,0" yaku="20,1,54,2" doraHai="115" who="2" fromWho="3" sc="191,0,223,0,245,45,341,-45" /><INIT seed="4,0,0,1,3,6" ten="191,223,290,296" oya="0" hai0="14,81,126,43,119,85,84,28,134,73,59,125,107" hai1="45,129,99,64,95,121,104,37,62,117,94,103,123" hai2="106,77,17,116,108,18,83,49,4,3,36,48,69" hai3="127,52,112,1,25,55,50,66,31,113,71,30,61"/><T79/><D43/><U57/><E129/><V0/><F108/><W110/><G110/><T58/><D119/><U87/><E117/><V63/><F36/><W100/><G1/><T44/><D107/><U91/><E37/><V39/><F39/><W80/><G127/><N who="0" m="48651" /><D134/><U27/><E45/><V8/><F0/><W19/><G100/><T75/><D44/><U9/><E9/><V111/><F111/><W16/><G80/><T105/><D105/><U41/><E41/><V15/><F106/><W86/><G86/><N who="0" m="33387" /><D75/><U32/><E104/><V122/><F122/><W131/><G131/><T98/><D98/><U92/><E92/><V2/><F2/><W114/><G31/><T78/><D78/><U82/><E95/><V5/><F5/><W67/><G67/><T118/><D118/><U54/><E54/><N who="3" m="20522" /><G50/><T46/><D46/><U53/><E53/><V101/><F101/><W26/><G26/><T132/><D132/><U56/><E56/><V10/><F116/><W93/><G93/><T74/><D74/><U102/><E102/><V38/><F38/><W7/><G7/><T124/><N who="0" m="48659" /><T33/><DORA hai="128" /><D14/><U130/><E130/><V42/><F42/><W34/><AGARI ba="0,0" hai="16,19,25,30,34,61,66,71,112,113,114" m="20522" machi="34" ten="40,5200,0" yaku="15,1,54,2" doraHai="6,128" who="3" fromWho="3" sc="191,-26,223,-13,290,-13,296,52" /><INIT seed="5,0,0,3,0,22" ten="165,210,277,348" oya="1" hai0="91,130,58,38,101,36,4,69,133,116,135,123,118" hai1="5,100,54,26,120,128,42,17,56,124,53,71,117" hai2="94,0,81,6,50,107,35,60,115,29,89,84,78" hai3="77,49,68,82,12,1,40,67,114,102,88,72,21"/><U3/><E120/><V99/><F115/><W37/><G1/><T131/><D91/><U10/><E117/><N who="0" m="45161" /><D101/><U104/><E128/><N who="0" m="49193" /><D4/><U96/><E124/><V92/><F107/><W110/><G110/><T18/><D18/><U64/><E42/><V73/><F60/><W28/><G37/><N who="0" m="14443" /><D123/><U41/><E41/><V76/><F50/><W108/><G49/><T80/><D80/><U106/><E106/><V112/><F112/><W109/><G40/><T62/><D69/><U111/><E111/><V7/><F78/><W83/><G114/><T98/><D98/><U97/><E97/><V66/><F94/><W75/><G68/><T103/><D103/><U86/><E86/><V52/><F73/><W87/><G102/><T24/><D24/><U46/><E71/><V59/><F0/><W14/><G75/><T48/><D48/><U95/><E95/><V90/><F90/><W31/><G109/><T125/><D125/><U121/><E121/><V34/><F34/><W65/><G108/><T70/><D70/><U105/><E105/><V23/><F35/><W61/><G87/><T2/><D2/><U13/><E26/><N who="2" m="16607" /><F6/><W126/><G126/><T8/><D8/><U57/><E5/><V27/><F7/><W15/><G77/><T9/><D9/><U25/><E3/><V51/><F27/><W79/><G79/><T44/><D44/><U30/><E46/><V113/><F113/><W32/><G32/><T132/><D135/><U93/><E25/><V134/><F134/><W74/><G74/><T63/><D63/><U47/><E47/><V55/><F76/><RYUUKYOKU ba="0,0" sc="165,30,210,-10,277,-10,348,-10" hai0="58,62,132,133" /><INIT seed="6,1,0,2,0,95" ten="195,200,267,338" oya="2" hai0="21,61,84,46,73,88,104,117,48,27,34,8,5" hai1="37,52,92,86,63,19,56,134,44,43,124,72,106" hai2="10,71,99,80,36,109,15,112,130,28,81,75,66" hai3="30,49,0,7,38,59,67,47,113,101,111,17,16"/><V110/><F112/><W68/><G111/><N who="2" m="42505" /><F36/><W60/><G101/><T4/><D73/><U26/><E106/><V119/><F119/><W78/><G78/><T82/><D34/><U97/><E134/><V74/><F130/><W3/><G30/><T125/><D104/><U39/><E124/><V96/><F28/><W54/><G113/><T55/><D125/><U115/><E115/><V131/><F131/><W50/><G50/><T22/><D117/><U25/><E72/><N who="2" m="27691" /><F66/><W69/><G69/><T116/><D116/><U107/><E107/><V31/><F31/><W64/><G64/><T51/><D61/><U77/><E39/><V24/><F24/><W91/><G91/><T89/><D8/><U42/><E42/><V70/><F15/><W33/><G33/><T18/><D22/><U45/><E45/><V23/><F23/><W122/><G122/><T126/><D126/><U29/><E29/><V12/><F12/><W98/><G3/><T90/><REACH who="0" step="1"/><D51/><REACH who="0" ten="185,200,267,338" step="2"/><U114/><E114/><V133/><F10/><W121/><G49/><T102/><D102/><U6/><E6/><AGARI ba="1,1" hai="4,5,6,18,21,27,46,48,55,82,84,88,89,90" machi="6" ten="40,8000,1" yaku="1,1,8,1,54,1,53,1" doraHai="95" doraHaiUra="41" who="0" fromWho="1" sc="185,93,200,-83,267,0,338,0" /><INIT seed="7,0,0,4,4,55" ten="278,117,267,338" oya="3" hai0="93,111,72,50,37,17,95,14,69,23,18,40,45" hai1="99,114,58,10,131,32,73,31,67,85,21,26,49" hai2="113,87,13,60,86,90,19,0,1,52,62,122,91" hai3="9,33,100,120,6,77,59,121,119,108,98,102,41"/><W133/><G119/><T80/><D111/><U74/><E114/><V48/><F113/><W105/><G33/><T75/><D69/><U112/><E112/><V30/><F122/><W78/><G41/><T11/><D37/><U107/><E131/><V35/><F35/><W128/><G128/><T118/><D118/><U39/><E39/><V82/><F30/><W51/><G133/><T70/><D70/><U28/><E10/><V46/><F0/><W25/><G25/><T24/><REACH who="0" step="1"/><D80/><REACH who="0" ten="268,117,267,338" step="2"/><U4/><E58/><V15/><F1/><W116/><G116/><T27/><D27/><U124/><E85/><V109/><F109/><W104/><G59/><T68/><D68/><U65/><E49/><V44/><F44/><W34/><G51/><T135/><D135/><U71/><E21/><N who="2" m="11503" /><F15/><W115/><G108/><T88/><D88/><U79/><E65/><V66/><F66/><W54/><G115/><T123/><D123/><U43/><E43/><V92/><AGARI ba="0,1" hai="46,48,52,60,62,82,86,87,90,91,92" m="11503" machi="92" ten="30,2000,0" yaku="8,1,54,1" doraHai="55" who="2" fromWho="2" sc="268,-5,117,-5,267,30,338,-10" owari="263,-14.0,112,-39.0,297,10.0,328,43.0" /></mjloggm>