<mjloggm ver="2.3"><GO type="169" lobby="0"/><UN n0="%6D%61%74%6F%30%36%30%33" n1="%E6%AD%A6%E7%94%B0%E8%88%9E%E5%BD%A9" n2="%E3%83%A1%E3%83%B3%E3%83%94%E3%83%B3%E4%B8%89%E8%89%B2%E4%B8%80%E9%80%9A" n3="%E3%83%8A%E3%83%8A%E3%82%A4%E3%83%AD%E3%83%A9%E3%82%A4%E3%83%88%E2%98%86" dan="16,18,16,17" rate="2162.10,2329.47,2109.00,2175.67" sx="M,M,M,F"/><TAIKYOKU oya="0"/><INIT seed="0,0,0,4,4,115" ten="250,250,250,250" oya="0" hai0="70,1,121,14,24,8,135,74,90,95,99,41,12" hai1="15,78,46,68,106,111,65,60,117,131,9,122,134" hai2="86,16,123,4,40,98,61,102,92,37,127,32,96" hai3="33,87,101,26,3,22,73,44,124,51,114,23,47"/><T71/><D121/><U38/><E122/><V130/><F123/><W80/><G114/><T97/><D74/><U52/><E106/><V66/><F127/><W128/><G124/><T10/><D41/><U72/><E111/><V89/><F130/><W129/><G3/><T17/><D1/><U25/><E131/><N who="3" m="50250" /><G101/><T126/><D126/><U113/><E113/><V56/><F4/><W108/><G73/><T58/><D135/><U27/><E134/><V77/><F32/><W57/><G108/><T21/><D58/><U28/><E117/><V107/><F77/><W30/><G57/><T55/><D55/><U34/><E27/><V105/><F40/><N who="3" m="24967" /><G47/><T75/><D75/><U132/><E132/><V85/><F37/><W91/><AGARI ba="0,0" hai="22,23,26,30,33,80,87,91" m="24967,50250" machi="91" ten="30,1100,0" yaku="19,1" doraHai="115" who="3" fromWho="3" sc="250,-5,250,-3,250,-3,250,11" /><INIT seed="1,0,0,5,3,45" ten="245,247,247,261" oya="1" hai0="53,77,36,11,57,38,67,113,60,62,13,2,33" hai1="103,0,104,112,82,128,111,85,71,51,114,35,39" hai2="73,133,130,31,91,48,54,93,37,75,90,64,98" hai3="96,89,58,68,127,117,42,40,24,132,26,122,131"/><U65/><E39/><V61/><F130/><W1/><G68/><T46/><D113/><U79/><E0/><V50/><F133/><W99/><G132/><T22/><D33/><U25/><E128/><V10/><F37/><W9/><G131/><T84/><D2/><U102/><E111/><V106/><F106/><W8/><G1/><T52/><D22/><U119/><E119/><V5/><F31/><W121/><G58/><T134/><D134/><U95/><E95/><V83/><F54/><W87/><G87/><T63/><D53/><U76/><E76/><V12/><F91/><W41/><G89/><T125/><D125/><U92/><E92/><V43/><F43/><W27/><G127/><T30/><D30/><N who="1" m="19919" /><E51/><V129/><F129/><W16/><G117/><T109/><D109/><U6/><E6/><V100/><F90/><W47/><G47/><T86/><D36/><U123/><E103/><V28/><F28/><W15/><REACH who="3" step="1"/><G9/><REACH who="3" ten="245,247,247,251" step="2"/><T94/><D84/><U4/><E114/><V21/><F73/><W44/><G44/><T135/><D11/><U88/><E112/><V116/><F116/><W80/><G80/><T56/><D86/><U101/><E88/><V3/><F83/><W108/><G108/><T126/><D46/><U70/><E70/><N who="2" m="42255" /><F75/><W19/><G19/><T59/><D126/><U17/><E17/><V107/><F107/><W20/><G20/><T55/><D135/><U32/><E104/><V105/><F105/><W34/><G34/><T118/><D118/><U18/><E32/><V23/><F23/><W49/><G49/><T81/><D81/><RYUUKYOKU ba="0,1" sc="245,-15,247,-15,247,15,251,15" hai2="3,5,10,12,21,48,50,93,98,100" hai3="8,15,16,24,26,27,40,41,42,96,99,121,122" /><INIT seed="2,1,1,0,0,61" ten="230,232,262,266" oya="2" hai0="78,97,10,113,21,94,53,51,98,36,124,89,42" hai1="104,9,71,102,66,32,37,52,99,88,45,13,126" hai2="119,41,107,108,14,134,96,8,135,120,95,0,16" hai3="100,54,121,93,38,29,22,123,118,76,26,92,60"/><V68/><F119/><W3/><G118/><T131/><D131/><U77/><E32/><V7/><F120/><W63/><G3/><T50/><D124/><U127/><E77/><V130/><F130/><W33/><G38/><T15/><D113/><U82/><E71/><V44/><F107/><W2/><G2/><T105/><D78/><U12/><E66/><V103/><F108/><W17/><G76/><T90/><D21/><U1/><E1/><V48/><REACH who="2" step="1"/><F68/><REACH who="2" ten="230,232,252,266" step="2"/><W64/><G121/><T62/><D105/><U47/><E104/><V58/><F58/><W6/><G123/><T46/><D46/><U20/><E47/><V132/><F132/><W129/><G129/><T112/><D112/><U85/><E45/><V49/><F49/><W56/><G56/><T35/><D51/><U23/><E126/><V84/><F84/><W133/><G133/><T69/><D50/><U109/><E109/><V110/><F110/><W28/><G60/><T24/><D69/><U30/><E127/><V75/><F75/><W72/><G63/><T59/><D62/><U70/><E70/><V74/><F74/><W34/><G72/><T79/><D59/><U87/><E87/><V114/><F114/><W5/><G34/><T27/><D35/><U117/><E117/><V86/><F86/><W18/><G33/><T25/><D36/><U115/><E37/><V39/><F39/><W101/><G92/><T57/><D57/><U55/><E115/><V73/><F73/><W122/><G93/><T65/><D94/><U43/><E85/><V106/><F106/><W19/><G122/><RYUUKYOKU ba="1,2" sc="230,-10,232,-10,252,30,266,-10" hai2="0,7,8,14,16,41,44,48,95,96,103,134,135" /><INIT seed="2,2,2,2,5,27" ten="220,222,282,256" oya="2" hai0="15,94,96,134,126,132,58,21,101,44,20,51,57" hai1="103,0,41,88,31,65,116,82,34,8,98,115,135" hai2="45,5,130,92,77,60,70,1,3,81,91,47,26" hai3="46,10,79,40,25,110,17,74,36,61,42,16,72"/><V118/><F118/><W86/><G110/><T122/><D122/><U35/><E116/><V127/><F127/><W9/><G61/><T113/><D113/><U43/><E115/><V89/><F130/><W66/><G66/><T119/><D119/><U55/><E135/><N who="0" m="51753" /><D126/><U62/><E55/><V107/><F107/><W30/><G42/><N who="0" m="24983" /><D15/><U52/><E0/><V50/><F26/><W59/><G59/><AGARI ba="2,2" hai="20,21,57,58,59,94,96,101" m="24983,51753" machi="59" ten="30,1000,0" yaku="20,1" doraHai="27" who="0" fromWho="3" sc="220,36,222,0,282,0,256,-16" /><INIT seed="3,0,0,1,5,95" ten="256,222,282,240" oya="3" hai0="42,110,25,117,84,130,37,53,51,5,43,49,35" hai1="115,122,120,105,18,19,123,121,60,71,33,102,41" hai2="2,12,103,46,57,74,9,1,109,126,111,40,31" hai3="77,66,98,125,94,28,135,21,108,55,127,26,128"/><W27/><G66/><T8/><D37/><U45/><E115/><V87/><F74/><W101/><G128/><T29/><D130/><U54/><E33/><V90/><F31/><W119/><G119/><T124/><D117/><U64/><N who="1" m="30720" /><DORA hai="99" /><U96/><REACH who="1" step="1"/><E54/><REACH who="1" ten="256,212,282,240" step="2"/><V107/><F111/><W129/><G129/><T83/><D53/><U52/><E52/><V68/><F109/><W75/><G108/><T104/><D110/><U47/><E47/><V113/><F46/><W118/><G118/><T63/><D43/><U24/><E24/><V36/><F40/><W0/><G55/><T15/><D42/><U134/><E134/><V48/><F113/><W89/><G135/><T114/><D25/><U58/><E58/><V81/><F57/><W73/><G27/><T16/><D35/><U17/><E17/><V62/><F68/><W85/><G0/><T38/><D16/><U14/><E14/><V91/><F12/><W13/><G13/><T23/><D15/><U92/><E92/><V70/><F70/><W56/><G56/><T10/><D114/><U50/><AGARI ba="0,1" hai="18,19,41,45,50,60,64,71,96,102,105" m="30720" machi="50" ten="60,8000,1" yaku="1,1,0,1,52,2,53,1" doraHai="95,99" doraHaiUra="100,6" who="1" fromWho="1" sc="256,-20,212,90,282,-20,240,-40" /><INIT seed="4,0,0,2,1,104" ten="236,302,262,200" oya="0" hai0="28,88,119,11,4,0,97,15,37,36,61,118,35" hai1="70,19,26,134,7,86,45,82,129,115,52,79,38" hai2="18,12,84,1,135,108,89,92,74,21,123,65,80" hai3="126,102,51,3,59,57,24,47,122,64,17,66,100"/><T43/><D0/><U56/><E70/><V78/><F123/><W91/><G3/><T6/><D6/><U20/><E129/><V99/><F135/><W22/><G122/><T75/><D61/><U96/><E134/><V93/><F1/><W42/><G126/><T62/><D62/><U101/><E7/><V23/><F65/><W5/><G5/><T81/><D35/><U124/><E124/><V54/><F54/><W9/><G9/><T130/><D28/><U109/><E109/><V72/><F108/><W8/><G8/><T16/><D4/><U10/><E10/><V41/><F41/><W131/><G131/><T32/><D32/><U112/><E45/><V27/><REACH who="2" step="1"/><F93/><REACH who="2" ten="236,302,252,200" step="2"/><W83/><G64/><T73/><D130/><U31/><E52/><V111/><F111/><W103/><REACH who="3" step="1"/><G66/><REACH who="3" ten="236,302,252,190" step="2"/><T128/><D128/><U125/><E125/><V48/><F48/><W53/><G53/><T76/><D43/><U98/><E112/><V63/><F63/><W127/><G127/><T58/><D36/><U67/><E115/><V14/><F14/><W46/><G46/><T121/><D37/><U29/><E38/><V68/><F68/><W2/><G2/><T117/><D121/><U39/><E39/><V85/><F85/><AGARI ba="0,2" hai="17,22,24,42,47,51,57,59,83,85,91,100,102,103" machi="85" ten="40,2600,0" yaku="1,1,8,1,53,0" doraHai="104" doraHaiUra="30" who="3" fromWho="2" sc="236,0,302,0,252,-26,190,46" /><INIT seed="5,0,0,3,3,134" ten="236,302,226,236" oya="1" hai0="104,100,34,31,116,42,43,28,18,10,70,124,91" hai1="82,86,1,132,71,133,73,94,115,114,60,33,108" hai2="29,106,5,36,46,55,63,81,26,62,101,19,24" hai3="102,56,126,8,121,85,84,12,22,45,128,6,40"/><U61/><E33/><V66/><F5/><W20/><G121/><T67/><D116/><U117/><E1/><V123/><F123/><W105/><G128/><T97/><D91/><N who="1" m="53623" /><E71/><V83/><F106/><W57/><G105/><T109/><D109/><U41/><E41/><V99/><F36/><W77/><G102/><T93/><D93/><U122/><E122/><V64/><F19/><W95/><G84/><T90/><D90/><U16/><E16/><V47/><F101/><W113/><G95/><T119/><D119/><U111/><E60/><V88/><F88/><W7/><G7/><T96/><D96/><U92/><E61/><V25/><F99/><W17/><G22/><T78/><D78/><N who="1" m="44367" /><E117/><V75/><F75/><W0/><G57/><T125/><D18/><U89/><E132/><V23/><F23/><W2/><G56/><T59/><D10/><U65/><E65/><N who="2" m="25195" /><F29/><W98/><G0/><T53/><D67/><U135/><E135/><V13/><F62/><W38/><G20/><T51/><D70/><U9/><E9/><V69/><F13/><W32/><G12/><T30/><D34/><U130/><E133/><V50/><F47/><W118/><G17/><T49/><D49/><U39/><E39/><V3/><F3/><W120/><G32/><T129/><D129/><U14/><E14/><V48/><F50/><W110/><G118/><T15/><D15/><U87/><E130/><V35/><F35/><W107/><G120/><T76/><D76/><U44/><E44/><V4/><F4/><N who="3" m="1047" /><G38/><T54/><D54/><U58/><E58/><N who="2" m="35295" /><F69/><W74/><G6/><RYUUKYOKU ba="0,0" sc="236,10,302,10,226,10,236,-30" hai0="28,30,31,42,43,51,53,59,97,100,104,124,125" hai1="87,89,92,108,111,114,115" hai2="24,25,26,46,48,81,83" /><INIT seed="5,1,0,3,0,117" ten="246,312,236,206" oya="1" hai0="35,67,57,8,40,132,7,37,53,19,10,31,89" hai1="128,64,111,83,110,106,59,21,78,103,86,29,34" hai2="30,41,102,5,105,91,4,16,14,38,36,9,77" hai3="68,94,20,17,32,135,65,13,114,43,119,70,115"/><U45/><E34/><V113/><F77/><W84/><G32/><T55/><D132/><U48/><E128/><V127/><F127/><W51/><G119/><T69/><D55/><U96/><E59/><V79/><F79/><W95/><G135/><T126/><D126/><U11/><E64/><V82/><F113/><N who="3" m="43019" /><G65/><T3/><D89/><U88/><E11/><V131/><F131/><W121/><G121/><T120/><D31/><U98/><E29/><V33/><F102/><W93/><G84/><T72/><D72/><U15/><E15/><V112/><F105/><W6/><G6/><T12/><D35/><U130/><E21/><V58/><F4/><W104/><G104/><T39/><D40/><U49/><E130/><V73/><F112/><W123/><G123/><T124/><D124/><U90/><E49/><V56/><F36/><W80/><G80/><T25/><D120/><U108/><REACH who="1" step="1"/><E98/><REACH who="1" ten="246,302,236,206" step="2"/><V63/><F33/><W61/><G61/><T23/><D67/><U75/><E75/><V28/><F63/><W74/><G74/><T100/><D57/><U71/><E71/><V125/><F58/><W60/><G60/><T1/><D69/><U27/><E27/><V87/><F56/><W85/><G85/><T2/><D25/><U54/><AGARI ba="1,1" hai="45,48,54,78,83,86,88,90,96,103,106,108,110,111" machi="54" ten="30,12000,1" yaku="1,1,0,1,10,1,54,1,53,1" doraHai="117" doraHaiUra="101" who="1" fromWho="1" sc="246,-41,302,133,236,-41,206,-41" /><INIT seed="5,2,0,3,3,123" ten="205,435,195,165" oya="1" hai0="114,120,12,17,69,81,113,1,13,133,34,98,9" hai1="77,84,37,55,54,51,62,61,89,109,126,104,15" hai2="19,16,88,68,92,90,48,2,125,134,4,7,22" hai3="33,20,11,53,121,85,49,6,72,83,64,94,100"/><U39/><E104/><V76/><F134/><W96/><G121/><T60/><D120/><U56/><E77/><V26/><F125/><W43/><G33/><T8/><D1/><U112/><E126/><V38/><F38/><W14/><G72/><T31/><D133/><U57/><E112/><V117/><F117/><W115/><G115/><T24/><D81/><U119/><E119/><V87/><F68/><W124/><G124/><T122/><D122/><U10/><E51/><V80/><F2/><W73/><G73/><T105/><D12/><U0/><E109/><V44/><F19/><W36/><G64/><N who="0" m="41095" /><D8/><U52/><E55/><N who="2" m="30087" /><F76/><W50/><G36/><T82/><D82/><U110/><E0/><V71/><F71/><W95/><G95/><T130/><D130/><U106/><E106/><V75/><F75/><W93/><G93/><T67/><D67/><U28/><E28/><V78/><F78/><W102/><G102/><AGARI ba="2,0" hai="9,13,17,24,31,34,98,102,105,113,114" m="41095" machi="102" ten="30,1000,0" yaku="25,1" doraHai="123" who="0" fromWho="3" sc="205,16,435,0,195,0,165,-16" /><INIT seed="6,0,0,3,1,63" ten="221,435,195,149" oya="2" hai0="28,72,77,116,127,93,84,100,119,98,22,34,24" hai1="101,7,30,132,44,8,76,58,69,45,111,37,115" hai2="4,0,92,42,107,3,31,86,75,121,2,59,20" hai3="50,102,125,23,130,82,26,66,14,128,74,21,123"/><V135/><F121/><W17/><G123/><T46/><D127/><U87/><E69/><V73/><F135/><W43/><G125/><T48/><D72/><U64/><E111/><V9/><F107/><W52/><G102/><T39/><D39/><U88/><E76/><V54/><F42/><W67/><G43/><T65/><D65/><N who="3" m="24585" /><G74/><T91/><D77/><U113/><E101/><V18/><F31/><N who="3" m="17871" /><G82/><T1/><D1/><U122/><E37/><V40/><F40/><W71/><G71/><T108/><D34/><U78/><E122/><V124/><F73/><W106/><G106/><T41/><REACH who="0" step="1"/><D108/><REACH who="0" ten="211,435,195,149" step="2"/><U83/><E132/><V13/><F75/><W94/><G130/><T53/><D53/><U35/><E64/><V16/><F124/><W49/><G128/><T120/><D120/><U104/><E35/><V133/><F133/><W60/><G94/><AGARI ba="0,1" hai="22,24,28,41,46,48,84,91,93,94,98,100,116,119" machi="94" ten="40,1300,0" yaku="1,1,53,0" doraHai="63" doraHaiUra="51" who="0" fromWho="3" sc="211,23,435,0,195,0,149,-13" /><INIT seed="7,0,0,4,4,62" ten="234,435,195,136" oya="3" hai0="101,63,100,4,45,97,11,131,52,99,53,8,79" hai1="61,36,58,123,120,88,74,22,38,117,122,46,86" hai2="23,34,133,40,69,9,28,47,130,110,0,20,76" hai3="84,60,42,128,44,59,127,115,12,73,39,70,65"/><W106/><G73/><T105/><D131/><U119/><E74/><V1/><F110/><W102/><G128/><T109/><D109/><U104/><E22/><V87/><F69/><W82/><G115/><T80/><D45/><U49/><E104/><V94/><F133/><W7/><G127/><T55/><D63/><U3/><E3/><V78/><F34/><W50/><G106/><T72/><D4/><U2/><E2/><V116/><F116/><N who="1" m="44617" /><E58/><V15/><F28/><W81/><G102/><T24/><D24/><U111/><E61/><V113/><F113/><W71/><G39/><T132/><D99/><U6/><E6/><V18/><F1/><W64/><G82/><T95/><D53/><N who="1" m="29879" /><E111/><V124/><F124/><W107/><G107/><T67/><D79/><U33/><E33/><V19/><F0/><W118/><G118/><T26/><D95/><AGARI ba="0,0" hai="36,38,86,88,95,120,122,123" m="29879,44617" machi="95" ten="40,2600,0" yaku="12,1,54,1" doraHai="62" who="1" fromWho="0" sc="234,-26,435,26,195,0,136,0" owari="208,1.0,461,55.0,195,-20.0,136,-36.0" /></mjloggm>