<mjloggm ver="2.3"><GO type="169" lobby="0"/><UN n0="%E7%82%8E%E3%81%AE%E3%83%88%E3%83%AC%E3%83%BC%E3%83%80%E3%83%BC" n1="%E6%96%87%58" n2="%4C%6E%69%6B%69" n3="%31%35%2E%31%35%63%6D" dan="16,16,16,16" rate="2156.08,2105.47,2132.91,2074.06" sx="M,M,M,M"/><TAIKYOKU oya="0"/><INIT seed="0,0,0,0,3,57" ten="250,250,250,250" oya="0" hai0="71,101,43,120,33,113,104,77,62,37,58,109,44" hai1="52,59,27,31,22,28,93,56,91,83,75,35,107" hai2="64,129,82,70,114,18,105,87,95,108,29,125,98" hai3="9,127,78,99,97,30,131,76,124,39,21,116,36"/><T130/><D113/><U49/><E107/><V10/><F114/><W47/><G116/><T25/><D120/><U55/><E35/><V117/><F117/><W68/><G68/><T4/><D4/><U102/><E102/><V69/><F108/><W50/><G9/><T94/><D109/><U38/><E38/><N who="3" m="14378" /><G21/><T92/><D77/><N who="3" m="29801" /><G30/><N who="0" m="19663" /><D58/><U0/><E0/><V61/><F105/><W90/><G90/><T67/><D130/><U81/><E31/><V100/><F129/><W5/><G5/><T134/><D134/><U88/><E75/><V84/><F29/><W122/><G131/><T80/><D80/><N who="1" m="30795" /><E93/><V110/><F110/><W118/><G118/><T121/><D121/><U115/><E115/><V60/><F82/><W133/><G133/><T123/><D123/><U41/><E41/><V128/><F128/><W42/><G122/><T51/><D51/><AGARI ba="0,0" hai="22,27,28,49,51,52,55,56,59,88,91" m="30795" machi="51" ten="30,3900,0" yaku="8,1,54,2" doraHai="57" who="1" fromWho="0" sc="250,-39,250,39,250,0,250,0" /><INIT seed="1,0,0,0,5,134" ten="211,289,250,250" oya="1" hai0="76,55,45,12,79,92,75,78,51,90,10,19,29" hai1="63,82,99,89,6,38,18,123,44,65,8,28,117" hai2="93,113,31,32,57,105,0,132,58,17,85,47,70" hai3="42,15,4,61,111,64,103,41,34,86,23,26,116"/><U118/><E123/><V108/><F70/><W121/><G111/><T33/><D75/><U52/><E28/><V68/><F68/><W98/><G121/><T135/><D135/><U7/><E18/><V49/><F132/><W120/><G116/><T40/><D33/><U109/><E109/><V36/><F105/><W66/><G86/><T1/><D29/><U94/><E82/><V115/><F0/><W102/><G102/><T100/><D1/><U30/><E30/><V5/><F5/><W91/><G91/><T97/><REACH who="0" step="1"/><D100/><REACH who="0" ten="201,289,250,250" step="2"/><U24/><E117/><V88/><F108/><W107/><G34/><T128/><D128/><U122/><E118/><V25/><F17/><W56/><G120/><T54/><AGARI ba="0,1" hai="10,12,19,40,45,51,54,55,76,78,79,90,92,97" machi="54" ten="30,4000,0" yaku="1,1,0,1,8,1,53,0" doraHai="134" doraHaiUra="80" who="0" fromWho="0" sc="201,50,289,-20,250,-10,250,-10" /><INIT seed="2,0,0,4,5,32" ten="251,269,240,240" oya="2" hai0="45,74,81,62,98,61,91,119,8,35,94,133,109" hai1="40,3,12,41,51,114,69,39,6,60,82,118,100" hai2="77,92,34,79,130,112,108,52,72,110,96,18,1" hai3="26,88,19,64,75,59,97,121,44,66,131,73,42"/><V33/><F112/><W36/><G121/><T105/><D119/><U87/><E118/><V104/><F104/><W124/><G124/><T70/><D133/><U127/><E127/><V43/><F43/><W14/><G131/><T21/><D35/><N who="2" m="13322" /><F72/><W132/><G132/><T11/><D109/><N who="2" m="42090" /><F130/><W24/><G73/><T31/><D105/><U37/><E100/><V46/><F18/><W9/><G75/><T93/><D45/><U20/><E41/><V71/><F71/><W103/><G44/><T89/><D81/><U90/><E51/><N who="2" m="28791" /><F1/><W113/><G42/><T49/><D74/><U116/><E40/><V50/><F50/><W0/><G0/><T115/><D49/><U16/><E114/><V67/><F67/><W122/><G64/><T134/><D70/><U99/><E116/><V2/><F2/><W101/><G36/><T23/><D115/><U38/><E69/><V30/><F30/><W57/><G66/><T123/><D31/><U15/><E3/><V47/><F47/><W117/><G117/><T5/><D134/><U106/><E60/><V102/><AGARI ba="0,0" hai="77,79,92,96,102" m="28791,42090,13322" machi="102" ten="30,6000,0" yaku="14,1,10,1,54,1" doraHai="32" who="2" fromWho="2" sc="251,-20,269,-20,240,60,240,-20" /><INIT seed="2,1,0,4,5,135" ten="231,249,300,220" oya="2" hai0="49,73,67,131,102,11,4,38,107,52,59,106,32" hai1="87,13,97,24,92,30,16,82,23,71,46,1,28" hai2="18,126,108,50,103,47,89,98,42,121,111,112,57" hai3="91,8,100,17,132,114,61,104,119,35,40,116,83"/><V26/><F112/><W70/><G132/><T62/><D131/><U55/><E71/><V25/><F121/><W19/><G40/><T113/><D32/><U72/><E72/><V60/><F126/><W101/><G91/><T134/><D38/><U7/><E1/><V64/><F89/><W54/><G83/><T76/><D102/><U6/><E30/><V96/><F96/><W27/><G54/><T110/><D113/><U88/><E55/><V133/><F133/><W34/><G8/><T130/><D110/><N who="2" m="42026" /><F18/><W37/><G114/><T9/><D130/><U5/><E46/><V53/><F42/><W69/><G19/><T51/><D134/><U41/><E41/><V56/><F56/><W86/><G17/><T29/><D29/><U63/><E63/><V74/><F74/><W66/><G61/><T77/><D73/><U22/><E7/><V125/><F125/><W39/><G86/><T93/><D49/><U124/><E124/><V65/><F65/><W129/><G66/><T20/><D51/><U80/><E80/><V79/><F79/><AGARI ba="1,0" hai="5,6,13,16,22,23,24,28,79,82,87,88,92,97" machi="79" ten="30,7700,0" yaku="7,1,8,1,54,2" doraHai="135" who="1" fromWho="2" sc="231,0,249,80,300,-80,220,0" /><INIT seed="3,0,0,4,0,19" ten="231,329,220,220" oya="3" hai0="72,92,111,70,88,62,133,117,60,5,64,99,90" hai1="66,101,28,126,54,125,86,21,89,0,97,45,3" hai2="9,4,93,115,131,44,129,127,20,50,109,68,116" hai3="80,7,33,107,124,23,39,67,85,8,77,128,43"/><W96/><G33/><T110/><D117/><U52/><E66/><V75/><F116/><W6/><G124/><N who="1" m="47722" /><E45/><V34/><F34/><W112/><G112/><T26/><D72/><U91/><E3/><V40/><F115/><W41/><G128/><N who="2" m="49225" /><F109/><N who="0" m="41482" /><D133/><U57/><E0/><V71/><F75/><W81/><G67/><N who="0" m="41319" /><D5/><U61/><E54/><V56/><F56/><W13/><G7/><T105/><D105/><N who="1" m="63663" /><E86/><V122/><F122/><W65/><G65/><T51/><D51/><U42/><E42/><V113/><F113/><W76/><G41/><T87/><D26/><AGARI ba="0,0" hai="21,26,28,52,57,61,89,91" m="63663,47722" machi="26" ten="30,3900,0" yaku="18,1,52,1,54,1" doraHai="19" who="1" fromWho="0" sc="231,-39,329,39,220,0,220,0" /><INIT seed="4,0,0,5,1,6" ten="192,368,220,220" oya="0" hai0="106,13,64,98,121,33,92,102,42,68,109,79,131" hai1="19,20,90,9,132,74,66,46,62,47,31,75,100" hai2="96,43,52,48,85,111,120,63,8,17,22,54,123" hai3="65,128,71,24,21,126,105,40,26,37,34,101,55"/><T77/><D121/><U70/><E132/><V12/><F111/><W50/><G126/><T129/><D33/><U59/><E100/><V73/><F73/><W80/><G128/><N who="0" m="49227" /><D42/><U28/><E70/><V27/><F96/><W25/><G34/><T4/><D109/><U116/><E116/><V78/><F123/><W81/><G21/><T39/><D39/><U69/><E69/><V89/><F78/><W30/><G30/><N who="1" m="11306" /><E74/><V15/><F15/><W115/><G115/><T112/><D112/><U108/><E9/><V134/><F134/><W35/><G35/><T114/><D114/><U119/><E75/><V87/><F120/><W61/><G101/><T1/><D1/><U72/><E72/><V53/><F63/><W117/><G105/><T57/><D68/><U0/><E0/><V10/><F10/><W127/><G127/><T3/><D3/><U38/><E38/><V45/><REACH who="2" step="1"/><F89/><REACH who="2" ten="192,368,210,220" step="2"/><W7/><G117/><T82/><D106/><U49/><E108/><V11/><F11/><W36/><G7/><AGARI ba="0,1" hai="7,8,12,17,22,27,43,45,48,52,53,54,85,87" machi="7" ten="40,8000,1" yaku="1,1,8,1,52,1,54,1,53,0" doraHai="6" doraHaiUra="94" who="2" fromWho="3" sc="192,0,368,0,210,90,220,-80" /><INIT seed="5,0,0,1,2,91" ten="192,368,300,140" oya="1" hai0="127,113,21,67,89,96,72,83,7,63,133,79,65" hai1="35,73,4,52,85,8,23,94,109,135,56,111,101" hai2="87,61,132,6,90,38,62,40,134,10,59,126,70" hai3="120,80,51,75,57,69,74,22,125,71,68,128,45"/><U30/><E73/><V98/><F126/><W95/><G120/><T104/><D127/><U92/><E35/><V119/><F119/><W33/><G125/><T27/><D113/><U131/><E135/><N who="2" m="51755" /><F98/><W50/><G33/><T108/><D133/><U12/><E131/><V81/><F70/><W2/><G128/><T117/><D117/><U0/><E101/><V29/><F29/><W78/><G2/><T43/><D7/><U32/><E85/><V31/><F31/><W19/><G75/><T39/><D108/><N who="1" m="41547" /><E32/><V58/><F40/><W110/><G57/><N who="2" m="21513" /><F38/><W103/><G110/><T36/><D43/><U14/><E0/><AGARI ba="0,0" hai="0,6,10,61,62,81,87,90" m="21513,51755" machi="0" ten="30,1000,0" yaku="20,1" doraHai="91" who="2" fromWho="1" sc="192,0,368,-10,300,10,140,0" /><INIT seed="6,0,0,5,2,8" ten="192,358,310,140" oya="2" hai0="29,79,68,84,133,28,46,2,22,14,56,20,26" hai1="41,74,102,99,13,110,63,83,124,71,93,32,39" hai2="91,112,120,73,128,60,37,35,48,114,107,4,50" hai3="53,87,115,12,122,57,65,54,40,62,125,6,33"/><V72/><F120/><W105/><G122/><T49/><D68/><U23/><E32/><V58/><F35/><W100/><G33/><T43/><D2/><U61/><E110/><V127/><F37/><W90/><G125/><T98/><D133/><U21/><E71/><V103/><F128/><W113/><G40/><T123/><D123/><U101/><E124/><V44/><F127/><W104/><G100/><T45/><D98/><U89/><E74/><V64/><F91/><W47/><G105/><T24/><D46/><U77/><E41/><V7/><F103/><W66/><G104/><T52/><D79/><U78/><E23/><V81/><F107/><W116/><G116/><T70/><D84/><N who="1" m="48239" /><E78/><N who="2" m="44231" /><F73/><W55/><G65/><T130/><D70/><U0/><E0/><V82/><F82/><W38/><G38/><T10/><D130/><U117/><E117/><V3/><F48/><W106/><G106/><T129/><D129/><U27/><E39/><V96/><F96/><W67/><G67/><T1/><D1/><U121/><E121/><V95/><F95/><W118/><G118/><T132/><D132/><U34/><E34/><V108/><F108/><W42/><G42/><T75/><D75/><U51/><E51/><V86/><F86/><W94/><REACH who="3" step="1"/><G47/><REACH who="3" ten="192,358,310,130" step="2"/><T97/><D43/><U25/><E102/><V9/><F44/><W5/><G5/><N who="0" m="3407" /><D45/><U80/><E101/><V119/><F119/><W88/><G88/><T30/><D97/><U19/><E80/><V36/><F36/><W134/><G134/><T111/><D111/><U69/><E99/><V31/><F4/><RYUUKYOKU ba="0,1" sc="192,15,358,-15,310,-15,130,15" hai0="20,22,24,26,28,29,30,49,52,56" hai3="6,12,53,54,55,57,62,66,87,90,94,113,115" /><INIT seed="7,1,1,2,5,25" ten="207,343,295,145" oya="3" hai0="7,75,126,93,129,106,55,16,65,132,110,71,14" hai1="59,74,34,79,37,23,78,72,131,17,86,29,81" hai2="90,63,122,35,58,97,114,38,120,116,61,133,30" hai3="127,0,76,112,48,64,111,8,135,70,101,42,88"/><W113/><G101/><T1/><D106/><U80/><E131/><V56/><F116/><W44/><G127/><T115/><D110/><U51/><E37/><V73/><F73/><W15/><G0/><T67/><D75/><U98/><E98/><V117/><F117/><W69/><G135/><T43/><D43/><U95/><E34/><V21/><F35/><W47/><G111/><T52/><D129/><U85/><E29/><V46/><F133/><W4/><G64/><T62/><D132/><U12/><E95/><V103/><F90/><W31/><G47/><T96/><D67/><U104/><E104/><V107/><F38/><W100/><G100/><T28/><D126/><U92/><E92/><V49/><F114/><N who="3" m="44139" /><G76/><T13/><D115/><U27/><E12/><V68/><F68/><N who="3" m="26219" /><G88/><T11/><D1/><U53/><AGARI ba="1,1" hai="17,23,27,51,53,59,72,74,78,79,80,81,85,86" machi="53" ten="30,2000,0" yaku="0,1,9,1" doraHai="25" who="1" fromWho="1" sc="207,-6,343,33,295,-6,145,-11" owari="201,-20.0,376,48.0,289,9.0,134,-37.0" /></mjloggm>