<mjloggm ver="2.3"><GO type="169" lobby="0"/><UN n0="%4D%75%64%46%6C%6F%77" n1="%E7%81%AB%E9%9C%8A%E5%A4%A2" n2="%E5%89%AF%E6%96%99%E7%90%86%E9%95%B7" n3="%EF%BC%8A%E7%B4%97%E5%BC%A5%E8%8F%AF%EF%BC%8A" dan="17,17,16,17" rate="2235.64,2240.88,2152.80,2153.34" sx="M,M,M,F"/><TAIKYOKU oya="0"/><INIT seed="0,0,0,5,4,96" ten="250,250,250,250" oya="0" hai0="74,97,104,56,76,0,59,68,67,87,1,42,44" hai1="132,3,91,37,29,36,9,45,81,22,124,62,123" hai2="72,113,58,134,115,51,119,112,63,85,65,120,75" hai3="128,111,118,11,77,69,61,93,15,16,79,6,98"/><T26/><D56/><U84/><E123/><V66/><F120/><W8/><G118/><T19/><D74/><U101/><E124/><V60/><F119/><W121/><G121/><T31/><D19/><U73/><E132/><V27/><F134/><W35/><G35/><T83/><D59/><U110/><E110/><V71/><F27/><W18/><G111/><T17/><D17/><U23/><E73/><V127/><F127/><W10/><G128/><T107/><D67/><U57/><E29/><V114/><N who="2" m="28672" /><DORA hai="92" /><V55/><REACH who="2" step="1"/><F85/><REACH who="2" ten="250,250,240,250" step="2"/><W82/><G79/><T24/><D24/><U50/><E84/><V99/><F99/><W100/><G6/><T103/><D68/><AGARI ba="0,1" hai="51,55,58,60,63,65,66,68,71,72,75" m="28672" machi="68" ten="70,4500,0" yaku="1,1,9,1,53,0" doraHai="96,92" doraHaiUra="43,89" who="2" fromWho="0" sc="250,-45,250,0,240,55,250,0" /><INIT seed="1,0,0,3,4,79" ten="205,250,295,250" oya="1" hai0="92,20,64,122,69,86,82,77,85,83,59,103,33" hai1="48,119,107,68,54,53,24,5,32,105,115,61,19" hai2="4,72,58,60,15,18,101,110,99,132,39,129,7" hai3="37,63,21,71,29,108,38,81,78,121,116,50,26"/><U1/><E115/><V45/><F72/><W52/><G121/><T40/><D33/><U126/><E119/><V65/><F110/><W88/><G116/><T67/><D122/><U23/><E126/><V104/><F129/><W74/><G108/><T123/><D69/><U76/><E32/><V2/><F2/><W62/><G88/><N who="0" m="51255" /><D123/><U13/><E1/><V130/><F132/><W44/><REACH who="3" step="1"/><G63/><REACH who="3" ten="205,250,295,240" step="2"/><T75/><D75/><U91/><E91/><V98/><F130/><W25/><G25/><T3/><D3/><U11/><E61/><V80/><F98/><W95/><G95/><T97/><D40/><U10/><E107/><V9/><F39/><W42/><G42/><T17/><D59/><U102/><E105/><V111/><F111/><W73/><G73/><T55/><D55/><U90/><E54/><V109/><F109/><W12/><G12/><AGARI ba="0,1" hai="12,17,20,64,67,77,83,86,92,97,103" m="51255" machi="12" ten="30,7700,0" yaku="8,1,52,2,54,1" doraHai="79" who="0" fromWho="3" sc="205,87,250,0,295,0,240,-77" /><INIT seed="2,0,0,4,3,56" ten="292,250,295,163" oya="2" hai0="57,90,55,34,102,42,29,7,63,126,85,83,4" hai1="84,77,116,87,93,81,99,118,6,16,124,28,48" hai2="43,30,70,54,47,60,5,78,49,24,113,96,98" hai3="17,3,103,10,71,23,91,105,21,86,76,61,11"/><V133/><F113/><W66/><G76/><T37/><D126/><U132/><E124/><V9/><F133/><W131/><G131/><T117/><D117/><U80/><E132/><V89/><F78/><W45/><G45/><T14/><D102/><U121/><E121/><V79/><F79/><W122/><G122/><T46/><D14/><U74/><E6/><V2/><F89/><W31/><G31/><T36/><REACH who="0" step="1"/><D37/><REACH who="0" ten="282,250,295,163" step="2"/><U82/><E116/><V69/><F69/><W52/><G3/><T53/><D53/><U72/><E118/><V111/><F111/><W73/><G52/><T101/><D101/><U59/><E74/><V32/><REACH who="2" step="1"/><F54/><REACH who="2" ten="282,250,285,163" step="2"/><W123/><G123/><T27/><AGARI ba="0,2" hai="4,7,27,29,34,36,42,46,55,57,63,83,85,90" machi="27" ten="30,4000,0" yaku="1,1,0,1,52,1,53,0" doraHai="56" doraHaiUra="12" who="0" fromWho="0" sc="282,60,250,-10,285,-20,163,-10" /><INIT seed="3,0,0,5,4,38" ten="342,240,265,153" oya="3" hai0="67,19,36,7,114,63,61,97,101,42,52,103,84" hai1="15,121,98,23,125,6,109,16,50,57,128,106,130" hai2="65,108,32,46,66,135,79,2,118,37,127,72,74" hai3="11,115,122,87,14,4,91,100,56,86,120,21,24"/><W28/><G115/><T44/><D7/><U92/><E121/><V110/><F79/><W58/><G100/><T90/><D114/><U45/><E106/><V34/><F46/><W105/><G105/><T49/><D19/><U119/><E109/><N who="2" m="42091" /><F37/><W9/><G122/><T53/><D53/><U123/><E123/><V51/><F51/><W73/><G73/><N who="2" m="28265" /><F2/><W33/><G120/><T126/><D126/><U68/><E68/><V93/><F93/><W124/><G124/><T117/><D117/><U132/><E125/><V41/><F127/><W30/><G87/><T13/><D13/><U54/><E132/><V82/><F82/><W77/><G77/><T17/><D97/><U75/><E75/><V0/><F0/><W43/><G11/><T62/><D17/><U47/><E6/><V131/><F41/><W10/><G10/><T20/><D20/><U95/><E95/><V48/><F48/><W29/><G43/><T5/><D5/><U85/><E85/><V112/><F112/><W69/><G69/><T89/><D67/><N who="2" m="25610" /><F118/><W8/><G8/><T102/><REACH who="0" step="1"/><D84/><REACH who="0" ten="332,240,265,153" step="2"/><U70/><E119/><V96/><F96/><W76/><G33/><N who="2" m="12905" /><F135/><W26/><G21/><T18/><D18/><U55/><E55/><V40/><F40/><W1/><G1/><T39/><D39/><U31/><E98/><V134/><F134/><W25/><REACH who="3" step="1"/><G76/><REACH who="3" ten="332,240,265,143" step="2"/><T99/><D99/><U12/><E23/><V60/><F60/><W83/><AGARI ba="0,2" hai="4,9,14,24,25,26,28,29,30,56,58,83,86,91" machi="83" ten="30,18000,2" yaku="1,1,2,1,0,1,8,1,53,3" doraHai="38" doraHaiUra="27" who="3" fromWho="3" sc="332,-60,240,-60,265,-60,143,200" /><INIT seed="3,1,0,1,0,17" ten="272,180,205,343" oya="3" hai0="3,24,68,67,27,71,70,76,13,8,88,63,48" hai1="112,127,119,57,123,101,16,30,2,121,62,32,58" hai2="18,69,10,65,125,6,77,21,26,56,134,7,49" hai3="11,110,4,116,129,35,99,131,54,47,82,132,59"/><W91/><G116/><T39/><D39/><U40/><E112/><V74/><F125/><W133/><G35/><T15/><D76/><U130/><E2/><V92/><F134/><N who="3" m="51819" /><G47/><T113/><D3/><U94/><E127/><V37/><F37/><W97/><G82/><T52/><D113/><U104/><E104/><V124/><F124/><W19/><G19/><T50/><D50/><U114/><E114/><V36/><F36/><W95/><G97/><T80/><D15/><U1/><E1/><V106/><F106/><W22/><G110/><T90/><D27/><U44/><E119/><V83/><F6/><W28/><G11/><T72/><D24/><U96/><E130/><N who="3" m="49674" /><G4/><T73/><D8/><U100/><E32/><V12/><F7/><W117/><G117/><T53/><D13/><U108/><E108/><V25/><F10/><W33/><G33/><T84/><D53/><U0/><E0/><V66/><F83/><W64/><G64/><T86/><D73/><U107/><E30/><V61/><F74/><W5/><G5/><T111/><D72/><U55/><E16/><V31/><F66/><W79/><G79/><T105/><D111/><U60/><E121/><V89/><F77/><W118/><G118/><T14/><D14/><U34/><E34/><V109/><F109/><W128/><N who="3" m="49682" /><W85/><DORA hai="42" /><G28/><T122/><D122/><U135/><E123/><V75/><F75/><W78/><G78/><T23/><D67/><N who="1" m="39311" /><E135/><V126/><F126/><W41/><G41/><T38/><D80/><U51/><E40/><V45/><F31/><W87/><G22/><RYUUKYOKU ba="1,0" sc="272,-10,180,-10,205,-10,343,30" hai3="54,59,85,87,91,95,99" /><INIT seed="3,2,0,4,4,65" ten="262,170,195,373" oya="3" hai0="58,74,9,66,82,75,36,118,25,3,0,112,5" hai1="93,52,101,113,22,7,106,135,79,55,11,123,15" hai2="28,71,6,102,90,111,117,114,70,126,33,127,49" hai3="10,120,30,69,13,32,41,119,47,21,73,128,97"/><W17/><G120/><T125/><D118/><U51/><E123/><V72/><F117/><W124/><G119/><T56/><D0/><U110/><E113/><V39/><F39/><W54/><G73/><T133/><D36/><U129/><E106/><V86/><F72/><W20/><G128/><T57/><D133/><U48/><E129/><V84/><F114/><W60/><G124/><N who="2" m="47657" /><F111/><W61/><G97/><T99/><D125/><U40/><E110/><V1/><F102/><W83/><G83/><T29/><D112/><U19/><E135/><V23/><F33/><W134/><G61/><T130/><D130/><U104/><E104/><V16/><F28/><W14/><G14/><T68/><D99/><N who="1" m="59631" /><E79/><V98/><F98/><W132/><G132/><T94/><D94/><U103/><E103/><V8/><F49/><N who="1" m="19017" /><E40/><V91/><F86/><W108/><G134/><T12/><D82/><U122/><E122/><V76/><F76/><W38/><G108/><T100/><D100/><U105/><E105/><V92/><F91/><W80/><G80/><T4/><D74/><U95/><E95/><V45/><F45/><W89/><G89/><T81/><D81/><U109/><E109/><V34/><F34/><W121/><G121/><T50/><D75/><U42/><E42/><V18/><F18/><W96/><G96/><T27/><D50/><U43/><E43/><V26/><AGARI ba="2,0" hai="1,6,8,16,23,26,70,71,84,90,92" m="47657" machi="26" ten="30,7900,0" yaku="18,1,52,2,54,1" doraHai="65" who="2" fromWho="2" sc="262,-22,170,-22,195,85,373,-41" /><INIT seed="4,0,0,5,5,86" ten="240,148,280,332" oya="0" hai0="16,40,98,114,9,37,64,92,29,89,44,134,59" hai1="69,73,113,95,112,72,106,25,36,84,26,121,111" hai2="99,20,28,10,105,18,53,82,46,45,52,38,115" hai3="78,90,83,102,109,96,6,135,8,58,119,108,14"/><T125/><D114/><N who="1" m="44139" /><E69/><V15/><F115/><W21/><G119/><T4/><D134/><U122/><E36/><V50/><F82/><W97/><G135/><T101/><D125/><U118/><E118/><V0/><F0/><W129/><G129/><T33/><D33/><U24/><E106/><V74/><F74/><N who="1" m="28777" /><E111/><V5/><F28/><W75/><G58/><T77/><D29/><U31/><E31/><V117/><F117/><W87/><G21/><T128/><D77/><U60/><E60/><V43/><F105/><N who="3" m="63687" /><G97/><T54/><D128/><U66/><E66/><V130/><F130/><W27/><G27/><T100/><D64/><U57/><E57/><V132/><F99/><W3/><G3/><T93/><D93/><AGARI ba="0,0" hai="6,8,14,75,78,83,87,90,93,108,109" m="63687" machi="93" ten="30,2000,0" yaku="24,1,52,1" doraHai="86" who="3" fromWho="0" sc="240,-20,148,0,280,0,332,20" /><INIT seed="5,0,0,3,2,113" ten="220,148,280,352" oya="1" hai0="21,83,109,82,52,120,111,130,76,42,103,0,67" hai1="100,73,22,80,84,125,115,104,101,57,117,35,129" hai2="107,118,90,9,55,133,43,95,1,75,72,62,81" hai3="65,135,19,14,27,127,25,23,47,38,108,94,131"/><U124/><E35/><V96/><F133/><W17/><G108/><T30/><D0/><U60/><E73/><V105/><F43/><W48/><G38/><T116/><D42/><U34/><E34/><V134/><F134/><W33/><G33/><T93/><D67/><U86/><E115/><V18/><F118/><W8/><G135/><T88/><D103/><U45/><E45/><V77/><F72/><W74/><G74/><T50/><D130/><U71/><E71/><V132/><F132/><W4/><G131/><T87/><D120/><U3/><E3/><V58/><F1/><W66/><G127/><N who="1" m="48714" /><E129/><V119/><F119/><W126/><G126/><T79/><D116/><U31/><E117/><V61/><F61/><W37/><G37/><T106/><D106/><U15/><E104/><V24/><F9/><W6/><G94/><T36/><D36/><U114/><E86/><V2/><F2/><W98/><G98/><T69/><D69/><U92/><E92/><V7/><F7/><N who="3" m="2603" /><G27/><N who="0" m="16751" /><D111/><U128/><E128/><V121/><F121/><W110/><G110/><T91/><D109/><U102/><E114/><V70/><F70/><W32/><G32/><T59/><D83/><U41/><E41/><AGARI ba="0,0" hai="8,14,17,19,23,25,41,47,48,65,66" m="2603" machi="41" ten="30,1000,0" yaku="8,1" doraHai="113" who="3" fromWho="1" sc="220,0,148,-10,280,0,352,10" /><INIT seed="6,0,0,3,0,79" ten="220,138,280,362" oya="2" hai0="65,123,54,78,74,26,20,134,19,29,62,36,110" hai1="30,102,28,98,22,50,114,117,61,52,1,16,63" hai2="77,10,132,35,106,84,113,122,9,67,109,24,39" hai3="3,101,53,82,85,38,104,12,18,120,99,57,66"/><V73/><F39/><W97/><G3/><T124/><D110/><U34/><E117/><V135/><F122/><W115/><G38/><T83/><D123/><U118/><E118/><V32/><F73/><W96/><G120/><T45/><D124/><U121/><E121/><V4/><F109/><W43/><G43/><T131/><D131/><U116/><E1/><V94/><F106/><W119/><G66/><T13/><D134/><U51/><E114/><V5/><F67/><W68/><G68/><T59/><D36/><U56/><E116/><V37/><F37/><W103/><G104/><T80/><D78/><U112/><E112/><V60/><F60/><N who="3" m="35887" /><G115/><T71/><D74/><U31/><E63/><V58/><F58/><W55/><G55/><T108/><D108/><U49/><E34/><V40/><F40/><W25/><G25/><T100/><D100/><U127/><E127/><V33/><F113/><W47/><G47/><T21/><REACH who="0" step="1"/><D45/><REACH who="0" ten="210,138,280,362" step="2"/><U15/><REACH who="1" step="1"/><E61/><AGARI ba="0,1" hai="13,19,20,21,26,29,54,59,61,62,65,71,80,83" machi="61" ten="30,8000,1" yaku="1,1,2,1,7,1,52,2,53,0" doraHai="79" doraHaiUra="126" who="0" fromWho="1" sc="210,90,138,-80,280,0,362,0" /><INIT seed="7,0,0,4,2,28" ten="300,58,280,362" oya="3" hai0="90,114,8,33,23,117,64,94,106,25,42,102,100" hai1="52,47,130,74,103,134,73,54,127,31,77,26,61" hai2="118,34,83,27,57,82,9,21,65,43,87,109,37" hai3="59,49,80,48,41,24,70,69,85,16,3,14,111"/><W119/><G3/><T91/><D117/><U96/><E130/><V18/><F109/><W78/><G119/><T39/><D106/><U92/><E127/><V97/><F118/><W120/><G120/><T113/><D64/><U51/><E134/><V68/><F68/><W19/><G111/><T110/><D110/><U123/><E123/><V126/><F126/><W132/><G132/><T125/><D125/><U0/><E0/><V13/><F37/><W1/><G1/><T15/><D91/><U99/><E77/><V60/><F43/><W35/><G70/><T62/><D62/><U129/><E129/><V58/><F34/><W56/><G35/><T63/><D63/><U89/><E73/><V81/><F97/><W84/><G69/><T5/><D42/><U44/><E74/><V135/><F135/><W40/><G24/><T2/><D39/><U50/><E61/><V12/><F58/><N who="3" m="22059" /><G85/><T115/><D2/><U75/><E75/><V79/><REACH who="2" step="1"/><F13/><REACH who="2" ten="300,58,270,362" step="2"/><W104/><G41/><T6/><D33/><U10/><E10/><V67/><F67/><W53/><G40/><T124/><D124/><U46/><E46/><V45/><F45/><W131/><G131/><T32/><D32/><U107/><E107/><V55/><F55/><W86/><G104/><T11/><D11/><U20/><REACH who="1" step="1"/><E103/><REACH who="1" ten="300,48,270,362" step="2"/><V122/><F122/><W17/><G14/><T93/><D15/><U108/><E108/><V121/><F121/><W133/><G133/><T72/><D8/><U71/><E71/><V95/><F95/><W4/><G4/><AGARI ba="0,2" hai="4,9,12,18,21,27,57,60,65,79,81,82,83,87" machi="4" ten="30,3900,0" yaku="1,1,7,1,8,1,53,0" doraHai="28" doraHaiUra="38" who="2" fromWho="3" sc="300,0,48,0,270,59,362,-39" owari="300,-10.0,48,-45.0,329,43.0,323,12.0" /></mjloggm>