<mjloggm ver="2.3"><GO type="169" lobby="0"/><UN n0="%E3%83%8F%E3%82%A4%E3%83%91%E3%83%BC%E8%97%A4%E6%B3%A2" n1="%E3%83%8B%E3%82%BB%E6%98%8E" n2="%E5%A4%95%E5%87%AA" n3="%E3%83%92%E3%82%B3%E3%81%A1%E3%82%83%E3%82%93%E3%81%AD%E3%82%8B" dan="17,18,17,17" rate="2138.05,2249.01,2122.78,2171.20" sx="M,F,M,M"/><TAIKYOKU oya="0"/><INIT seed="0,0,0,1,5,93" ten="250,250,250,250" oya="0" hai0="99,81,11,116,19,47,92,135,87,32,70,53,35" hai1="112,50,30,97,29,109,51,8,34,75,102,41,15" hai2="66,80,106,60,113,111,76,91,82,90,2,71,57" hai3="27,96,86,52,67,17,5,49,69,114,1,0,9"/><T122/><D70/><U54/><E109/><V21/><F111/><W31/><G114/><T4/><D116/><U39/><E75/><V133/><F2/><W40/><G40/><T59/><D47/><U95/><E112/><V104/><F113/><W128/><G128/><T83/><D19/><U132/><E132/><V24/><F133/><W33/><G86/><T108/><D122/><U43/><E34/><V125/><F125/><W10/><G67/><T65/><D65/><U88/><E39/><V7/><F7/><W74/><G74/><T119/><D119/><U37/><E37/><V94/><F91/><W44/><G69/><T64/><D64/><U107/><E41/><V131/><F82/><W101/><G17/><T89/><D81/><U85/><E50/><V25/><F25/><W14/><REACH who="3" step="1"/><G9/><REACH who="3" ten="250,250,250,240" step="2"/><T45/><D108/><U16/><REACH who="1" step="1"/><E43/><REACH who="1" ten="250,240,250,240" step="2"/><V22/><F71/><W77/><G77/><T79/><D135/><U26/><E26/><V118/><F24/><W3/><G3/><T6/><D6/><U62/><E62/><V23/><F118/><W73/><G73/><T61/><REACH who="0" step="1"/><D45/><AGARI ba="0,2" hai="8,15,16,29,30,45,51,54,85,88,95,97,102,107" machi="45" ten="30,8000,1" yaku="1,1,7,1,52,1,54,2,53,0" doraHai="93" doraHaiUra="68" who="1" fromWho="0" sc="250,-80,240,100,250,0,240,0" /><INIT seed="1,0,0,3,2,41" ten="170,340,250,240" oya="1" hai0="100,38,123,92,13,33,105,55,15,37,96,114,21" hai1="34,102,108,59,36,69,132,120,76,51,7,79,84" hai2="133,121,32,82,94,91,50,4,116,73,64,74,26" hai3="101,45,56,81,90,43,109,25,28,46,78,27,6"/><U0/><E120/><V18/><F116/><W57/><G109/><T52/><D33/><U130/><E34/><V54/><F4/><W47/><G101/><T31/><D123/><U124/><E69/><V9/><F64/><W129/><G129/><T10/><D114/><U107/><E36/><V63/><F63/><W93/><G6/><T117/><D117/><U53/><E130/><V70/><F70/><W19/><G43/><T131/><D105/><U49/><E108/><V106/><F106/><W128/><G128/><T61/><D131/><U98/><E124/><V20/><F32/><W112/><G28/><T87/><D87/><U72/><E72/><V127/><F82/><W60/><G112/><T23/><D38/><U14/><E132/><V17/><F127/><W89/><G19/><N who="0" m="10479" /><D61/><U5/><E0/><V113/><F133/><W11/><G11/><T88/><D100/><U40/><E84/><V103/><F103/><W22/><G22/><T35/><D37/><U118/><E118/><V126/><F126/><W3/><G3/><T39/><D39/><U24/><E5/><V12/><F121/><W135/><G135/><T119/><D119/><U134/><E134/><V1/><F1/><W65/><G57/><T71/><D71/><U44/><E24/><N who="3" m="9290" /><G93/><T77/><D35/><U2/><E2/><V95/><F95/><W30/><G30/><T80/><D31/><U29/><E29/><V58/><F113/><W97/><G97/><AGARI ba="0,0" hai="9,12,17,18,20,26,50,54,58,73,74,91,94,97" machi="97" ten="30,1000,0" yaku="7,1" doraHai="41" who="2" fromWho="3" sc="170,0,340,0,250,10,240,-10" /><INIT seed="2,0,0,4,5,100" ten="170,340,260,230" oya="2" hai0="7,104,80,98,135,126,72,63,91,107,22,110,46" hai1="114,93,49,130,9,73,115,51,122,56,21,82,127" hai2="77,33,53,60,20,6,88,94,129,108,44,2,12" hai3="113,11,123,90,13,133,15,105,3,118,23,19,76"/><V18/><F129/><W66/><G118/><T101/><D7/><U132/><E130/><V32/><F108/><W50/><G123/><T16/><D110/><U87/><E127/><V31/><F77/><W75/><G3/><T96/><D126/><U117/><E117/><V14/><F2/><W26/><G133/><T111/><D111/><U34/><E132/><V128/><F128/><W27/><G66/><T24/><D135/><U57/><E34/><V0/><F0/><W4/><G113/><T36/><D63/><U1/><E73/><V70/><F31/><W74/><G105/><T95/><D80/><U85/><E1/><V8/><F70/><W89/><G50/><T102/><D72/><U42/><E21/><V54/><F53/><W69/><G69/><T29/><D29/><U59/><E9/><V68/><F44/><W67/><G67/><T28/><D28/><U116/><E116/><V83/><F83/><W30/><G27/><T79/><D79/><U61/><E61/><V124/><F124/><W55/><G55/><T109/><D109/><U43/><E82/><V39/><F39/><W134/><G134/><T38/><D46/><U99/><E122/><V131/><F131/><W35/><G76/><T103/><D103/><N who="1" m="60911" /><E115/><V62/><F62/><W25/><G75/><T84/><AGARI ba="0,0" hai="16,22,24,36,38,84,91,95,96,98,101,102,104,107" machi="84" ten="20,12000,2" yaku="0,1,7,1,9,1,52,2,54,1" doraHai="100" who="0" fromWho="0" sc="170,120,340,-30,260,-60,230,-30" /><INIT seed="3,0,0,1,3,126" ten="290,310,200,200" oya="3" hai0="60,82,0,55,124,84,49,80,88,100,5,96,6" hai1="14,15,50,28,133,106,56,120,4,13,76,20,31" hai2="85,59,3,45,1,117,122,61,27,93,34,118,68" hai3="46,43,17,52,23,125,11,129,102,8,37,112,107"/><W58/><G112/><T111/><D124/><U101/><E120/><V26/><F68/><W108/><G125/><T97/><D111/><U109/><E109/><V87/><F45/><W64/><G108/><T21/><D0/><U2/><E76/><V114/><F114/><W19/><G19/><T32/><D32/><U72/><E72/><V131/><F122/><W123/><G123/><T47/><D82/><U79/><E79/><V134/><F59/><W105/><G64/><T116/><D116/><U29/><E106/><V104/><F34/><W71/><G71/><T44/><D47/><U83/><E83/><V65/><F61/><W39/><G39/><T36/><D36/><U78/><E78/><V77/><F77/><W35/><G35/><T40/><D21/><U30/><E101/><V42/><F93/><W10/><G102/><T89/><D89/><U33/><E50/><V98/><F98/><N who="0" m="37994" /><D100/><U132/><E56/><AGARI ba="0,0" hai="5,6,40,44,49,55,56,60,80,84,88" m="37994" machi="56" ten="30,2000,0" yaku="8,1,54,1" doraHai="126" who="0" fromWho="1" sc="290,20,310,-20,200,0,200,0" /><INIT seed="4,0,0,3,2,108" ten="310,290,200,200" oya="0" hai0="13,15,116,72,27,37,78,81,133,126,6,3,79" hai1="85,18,125,109,132,64,88,124,112,91,56,98,41" hai2="36,123,42,60,113,83,9,20,1,84,30,131,95" hai3="74,107,104,22,19,44,92,43,106,24,97,62,135"/><T73/><D116/><U77/><E109/><V100/><F123/><W75/><G135/><T55/><D133/><U120/><E132/><V39/><F131/><W134/><G62/><T0/><D37/><U54/><E120/><V71/><F1/><W49/><REACH who="3" step="1"/><G134/><REACH who="3" ten="310,290,200,190" step="2"/><T63/><D63/><U57/><E125/><V90/><F60/><W33/><G33/><T8/><D126/><U94/><E124/><V101/><F71/><W82/><G82/><T40/><D81/><U2/><E64/><V50/><F83/><W53/><G53/><T35/><D55/><U28/><E54/><V86/><F42/><W118/><G118/><T76/><D40/><U114/><E41/><V29/><F39/><W119/><G119/><T47/><D35/><U66/><E66/><V11/><F36/><W14/><G14/><T111/><D15/><U25/><E2/><V52/><F52/><W70/><G70/><T129/><D0/><U38/><E38/><V12/><F12/><W16/><G16/><T99/><D13/><U21/><E18/><V69/><F69/><W23/><G23/><T89/><D111/><U61/><E61/><V7/><F20/><W105/><N who="3" m="26624" /><DORA hai="26" /><W127/><G127/><T5/><D3/><U32/><E32/><V93/><F50/><W80/><G80/><T67/><D67/><U45/><E56/><V51/><F51/><W68/><G68/><T65/><D65/><U10/><E57/><V17/><F17/><W128/><G128/><T117/><D129/><U59/><E59/><V48/><F48/><W4/><G4/><T46/><D117/><RYUUKYOKU ba="0,1" sc="310,-10,290,-10,200,-10,190,30" hai3="19,22,24,43,44,49,74,75,92,97" /><INIT seed="5,1,1,2,0,43" ten="300,280,190,220" oya="1" hai0="90,56,87,23,130,111,11,57,123,110,97,134,3" hai1="29,92,83,104,13,55,34,112,65,135,94,16,64" hai2="52,28,71,79,75,46,120,40,42,39,121,62,78" hai3="128,91,129,15,107,86,70,59,58,17,81,117,30"/><U67/><E104/><V1/><F28/><W115/><G115/><T95/><D123/><U4/><E112/><V131/><F79/><W103/><G70/><T133/><D130/><N who="3" m="50281" /><G30/><T41/><D41/><U114/><E114/><V54/><F131/><W74/><G74/><T66/><D23/><U37/><E37/><V32/><F32/><W106/><G117/><T68/><D68/><U22/><E135/><N who="0" m="51721" /><D97/><U63/><E4/><V82/><F42/><W96/><G107/><T48/><D48/><U45/><E83/><V118/><F118/><W93/><G106/><T76/><D76/><U77/><E77/><V108/><F108/><W124/><G124/><T9/><D9/><AGARI ba="1,1" hai="9,15,17,58,59,81,86,91,93,96,103" m="50281" machi="9" ten="30,1000,0" yaku="19,1" doraHai="43" who="3" fromWho="0" sc="300,-13,280,0,190,0,220,23" /><INIT seed="6,0,0,4,2,61" ten="287,280,190,243" oya="2" hai0="51,102,32,67,37,68,74,129,77,47,11,30,38" hai1="84,118,134,42,7,14,60,73,5,25,8,19,50" hai2="125,39,106,103,87,53,127,24,126,88,83,78,58" hai3="81,59,49,71,17,89,111,79,107,20,76,16,40"/><V26/><F39/><W31/><G111/><T21/><D32/><U97/><E118/><V98/><REACH who="2" step="1"/><F78/><REACH who="2" ten="287,280,180,243" step="2"/><W0/><G79/><T56/><D38/><U92/><E134/><V23/><F23/><W12/><G76/><T131/><D21/><U101/><E73/><V34/><F34/><W75/><G75/><T108/><D37/><U105/><E25/><V10/><F10/><W64/><G20/><T2/><D11/><U132/><E132/><V3/><F3/><W45/><G0/><T115/><D2/><U114/><E8/><V117/><F117/><W36/><G36/><T70/><D77/><U65/><E114/><V109/><F109/><W99/><G12/><T48/><D115/><U62/><E14/><V128/><F128/><W57/><G17/><T86/><D74/><U96/><E19/><V41/><F41/><W1/><G16/><T85/><D108/><U112/><E112/><V95/><F95/><W27/><G1/><T22/><D22/><U124/><E42/><V55/><F55/><W29/><G27/><T121/><D131/><U54/><E54/><V28/><F28/><W52/><G29/><T135/><D30/><U122/><E92/><V113/><F113/><W13/><G13/><T110/><D129/><U66/><E5/><V33/><F33/><W100/><G31/><T104/><D110/><U4/><E4/><V9/><F9/><W18/><G18/><T116/><D116/><U133/><E7/><V69/><F69/><W82/><G71/><T94/><D70/><U91/><E133/><V119/><F119/><W63/><G89/><RYUUKYOKU ba="0,1" sc="287,-15,280,-15,180,15,243,15" hai2="24,26,53,58,83,87,88,98,103,106,125,126,127" hai3="40,45,49,52,57,59,63,64,81,82,99,100,107" /><INIT seed="6,1,1,2,4,133" ten="272,265,195,258" oya="2" hai0="67,105,22,61,5,132,90,35,102,130,37,120,48" hai1="8,41,131,52,87,6,27,77,117,128,18,123,28" hai2="10,3,4,17,68,135,50,93,40,21,29,88,107" hai3="127,36,70,118,11,65,25,9,66,24,80,108,42"/><V26/><F107/><W97/><G108/><T39/><D35/><U58/><E117/><V1/><F68/><W84/><G118/><T99/><D132/><U64/><E64/><N who="3" m="24682" /><G70/><T109/><D109/><U98/><E123/><V125/><F135/><W74/><G74/><T54/><D120/><U49/><E18/><V83/><F125/><W55/><G36/><T31/><D5/><U59/><E98/><V91/><F1/><W7/><G42/><T76/><D76/><U63/><E77/><V124/><F124/><W23/><G127/><T94/><D130/><N who="1" m="49707" /><E87/><V16/><F83/><W115/><G97/><T13/><D67/><U33/><E41/><V30/><F30/><W134/><G134/><T69/><D69/><U51/><E58/><V72/><F72/><W85/><G115/><T126/><D126/><U71/><E71/><V112/><F112/><W45/><G7/><T100/><D105/><U119/><E119/><V113/><F113/><W46/><G85/><T89/><D99/><U14/><AGARI ba="1,1" hai="6,8,14,27,28,33,49,51,52,59,63" m="49707" machi="14" ten="30,2000,0" yaku="19,1,54,1" doraHai="133" who="1" fromWho="1" sc="272,-6,265,33,195,-11,258,-6" /><INIT seed="7,0,0,0,1,114" ten="266,298,184,252" oya="3" hai0="111,28,83,50,37,90,8,93,9,64,21,35,67" hai1="109,120,3,88,22,95,11,134,61,32,113,74,105" hai2="82,72,100,76,30,123,6,115,7,25,84,128,39" hai3="118,107,85,96,132,55,2,53,19,63,16,91,46"/><W31/><G118/><T0/><D37/><U117/><RYUUKYOKU type="yao9" ba="0,0" sc="266,0,298,0,184,0,252,0" hai1="3,11,22,32,61,74,88,95,105,109,113,117,120,134" /><INIT seed="7,1,0,0,4,61" ten="266,298,184,252" oya="3" hai0="106,105,20,31,86,95,36,109,54,35,129,115,89" hai1="69,22,71,18,117,78,127,116,49,81,93,66,28" hai2="130,46,122,65,7,108,64,6,60,50,125,121,87" hai3="123,97,111,27,0,15,114,107,63,2,58,79,110"/><W62/><G123/><N who="2" m="47113" /><F108/><N who="3" m="41515" /><G114/><T39/><D35/><U94/><E28/><V70/><F130/><W104/><G79/><T128/><D109/><U13/><E127/><V30/><F125/><W118/><G118/><N who="1" m="45674" /><E49/><V76/><F30/><W67/><G27/><T32/><D32/><U133/><E66/><N who="2" m="41287" /><F76/><W77/><G77/><T85/><D115/><U24/><E133/><V126/><F87/><W5/><G63/><T134/><D134/><U3/><E3/><N who="3" m="1066" /><G97/><T113/><D113/><U131/><E131/><V102/><F102/><W14/><G5/><N who="2" m="1545" /><F126/><W56/><G56/><T38/><D129/><U12/><E69/><V25/><F25/><W99/><G99/><T119/><D128/><U100/><E71/><V55/><AGARI ba="1,0" hai="46,50,55,64,65" m="1545,41287,47113" machi="55" ten="30,7900,0" yaku="13,1,52,3" doraHai="61" who="2" fromWho="2" sc="266,-21,298,-21,184,82,252,-40" /><INIT seed="8,0,0,0,5,95" ten="245,277,266,212" oya="0" hai0="55,49,3,91,33,13,118,125,66,105,123,25,89" hai1="12,4,75,127,39,36,114,72,26,131,30,5,1" hai2="64,94,47,24,27,121,9,21,76,46,15,90,57" hai3="115,7,82,6,52,92,113,16,38,19,104,56,78"/><T44/><D3/><U53/><E1/><V102/><F76/><W73/><G104/><T97/><D123/><U106/><E106/><V0/><F102/><W120/><G38/><T84/><D118/><U18/><E127/><V93/><F93/><W129/><G120/><T99/><D105/><U135/><E135/><V70/><F27/><W69/><G69/><T28/><D125/><U58/><E131/><V32/><F32/><W109/><G109/><T71/><D89/><U101/><E114/><V126/><F70/><W45/><G45/><T132/><D132/><U83/><E4/><V110/><F0/><W23/><G19/><T119/><D119/><U34/><E5/><V79/><F79/><W31/><G31/><T40/><D40/><U130/><E130/><V65/><F65/><W8/><G129/><T17/><D66/><U43/><E101/><V77/><F77/><W54/><G54/><T98/><D71/><U124/><E83/><V11/><F11/><W128/><G128/><T122/><D122/><U60/><E124/><V37/><F37/><W74/><G74/><N who="1" m="28202" /><E43/><V116/><F126/><W41/><G41/><T100/><D100/><U20/><E36/><V51/><F116/><W88/><G8/><N who="0" m="6311" /><D99/><U29/><E39/><V10/><F121/><W108/><G108/><T87/><D87/><U86/><E86/><V81/><F110/><W134/><G134/><T107/><D107/><U80/><E29/><V103/><F64/><W42/><G115/><T85/><D85/><U48/><E80/><AGARI ba="0,0" hai="25,28,33,44,49,55,80,84,91,97,98" m="6311" machi="80" ten="30,5800,0" yaku="25,1,52,2" doraHai="95" who="0" fromWho="1" sc="245,58,277,-58,266,0,212,0" owari="303,40.0,219,-18.0,266,7.0,212,-29.0" /></mjloggm>