<mjloggm ver="2.3"><GO type="169" lobby="0"/><UN n0="%46%4C%41%4D%45" n1="%E5%8D%98%E7%99%BA%E5%89%8D%E5%85%86%E6%9C%A7%E6%A7%98" n2="%6B%74%6B%62" n3="%E3%81%BE%E3%81%95%EF%BC%A7" dan="17,16,16,17" rate="2198.67,2055.38,2078.49,2180.95" sx="M,F,M,M"/><TAIKYOKU oya="0"/><INIT seed="0,0,0,4,2,61" ten="250,250,250,250" oya="0" hai0="42,0,134,79,44,46,122,48,101,91,127,88,29" hai1="67,17,14,76,66,65,31,126,13,124,77,10,26" hai2="99,107,74,114,60,1,4,7,62,49,45,132,133" hai3="38,95,37,2,69,40,70,6,104,116,78,8,39"/><T96/><D122/><U32/><REACH who="1" step="1"/><E13/><REACH who="1" ten="250,240,250,250" step="2"/><V16/><F133/><W85/><G116/><T135/><D135/><U30/><E30/><V9/><F132/><W103/><G2/><T115/><D134/><U81/><E81/><V33/><F1/><W111/><G38/><T35/><D0/><U89/><E89/><V129/><F129/><W105/><G39/><T43/><D29/><U108/><E108/><V131/><F131/><W15/><G37/><T36/><D36/><U90/><E90/><V84/><F114/><W11/><G15/><T20/><D88/><U51/><E51/><V120/><F49/><W106/><G111/><T125/><D91/><U24/><E24/><V34/><F120/><W97/><G105/><T94/><D115/><U93/><E93/><V55/><F107/><W68/><G106/><T102/><D94/><U12/><E12/><V64/><F34/><W83/><G104/><T28/><D28/><U72/><E72/><V50/><F33/><W3/><G3/><T130/><D35/><U92/><E92/><V52/><F74/><W80/><G80/><T5/><D130/><U18/><E18/><V56/><F16/><W27/><G27/><T71/><D48/><U110/><E110/><V22/><F50/><W112/><G112/><T117/><D102/><U123/><E123/><V109/><F109/><W63/><G103/><T75/><D101/><U41/><E41/><V87/><F7/><W98/><G95/><T100/><D100/><U53/><E53/><N who="2" m="33807" /><F4/><W119/><G6/><T47/><D5/><U82/><E82/><V113/><F55/><RYUUKYOKU ba="0,1" sc="250,-10,240,30,250,-10,250,-10" hai1="10,14,17,26,31,32,65,66,67,76,77,124,126" /><INIT seed="1,1,1,4,5,24" ten="240,270,240,240" oya="1" hai0="126,49,37,96,31,82,4,101,10,39,22,7,3" hai1="83,84,23,26,62,46,6,5,78,28,69,103,114" hai2="64,119,0,130,53,33,81,131,121,13,8,17,63" hai3="85,86,124,29,70,45,56,107,115,89,117,48,67"/><U54/><E114/><V125/><F119/><W58/><G115/><T72/><D3/><U88/><E103/><V21/><F121/><W57/><G124/><T100/><D126/><U38/><E69/><V116/><F125/><W110/><G110/><T79/><D101/><U68/><E68/><V99/><F116/><W93/><G107/><T35/><D35/><U16/><E38/><V102/><F33/><W55/><G117/><T90/><D90/><U74/><E74/><V50/><F81/><W92/><G70/><T9/><D49/><N who="1" m="28983" /><E62/><V108/><F108/><W97/><G67/><T98/><D98/><U109/><E109/><V132/><F63/><W123/><G123/><T135/><D135/><U76/><E28/><V41/><F64/><W42/><G29/><T91/><D100/><U40/><E40/><V73/><F41/><W129/><G129/><N who="2" m="49161" /><F73/><W104/><G104/><T75/><D75/><U2/><E2/><V47/><F0/><W94/><REACH who="3" step="1"/><G42/><REACH who="3" ten="240,270,240,230" step="2"/><T12/><D31/><U127/><E127/><V20/><F132/><W95/><AGARI ba="1,2" hai="45,48,55,56,57,58,85,86,89,92,93,94,95,97" machi="95" ten="40,8000,1" yaku="1,1,2,1,0,1,8,1,53,0" doraHai="24" doraHaiUra="27" who="3" fromWho="3" sc="240,-21,270,-41,240,-21,230,103" /><INIT seed="2,0,0,2,5,34" ten="219,229,219,333" oya="2" hai0="123,16,86,75,51,127,49,56,68,119,19,84,111" hai1="55,58,77,79,87,35,105,24,61,103,121,76,53" hai2="134,50,132,32,28,63,69,117,92,20,65,7,29" hai3="110,96,13,52,57,125,85,4,115,71,109,23,44"/><V118/><F32/><W11/><G71/><T0/><D123/><U42/><E121/><V88/><F7/><W93/><G125/><T91/><D75/><U72/><E72/><V83/><F83/><W113/><G85/><T1/><D68/><U101/><E42/><V6/><F50/><W108/><G44/><T33/><D33/><U60/><E105/><V135/><F6/><W70/><G70/><T41/><D41/><U90/><E35/><V124/><F124/><W12/><G23/><T66/><D127/><U15/><E24/><V120/><F120/><W104/><G12/><T2/><D111/><U129/><E15/><V112/><F112/><W10/><G10/><T133/><D133/><U82/><E129/><V131/><F131/><W122/><G104/><T130/><D130/><U25/><E25/><N who="2" m="16423" /><F29/><W95/><G122/><T102/><D102/><U116/><E116/><V80/><F80/><W47/><G47/><T8/><D119/><U81/><E82/><V78/><F78/><W97/><G93/><T99/><D99/><AGARI ba="0,0" hai="63,65,69,88,92,99,117,118,132,134,135" m="16423" machi="99" ten="30,2900,0" yaku="20,1,54,1" doraHai="34" who="2" fromWho="0" sc="219,-29,229,0,219,29,333,0" /><INIT seed="2,1,0,4,3,117" ten="190,229,248,333" oya="2" hai0="55,86,108,53,18,6,1,128,111,92,123,132,83" hai1="87,51,73,97,13,30,99,88,49,17,113,59,104" hai2="61,69,102,20,10,26,63,112,39,24,32,54,58" hai3="44,34,74,45,64,116,105,57,71,77,94,79,7"/><V125/><F112/><W110/><G105/><T72/><D72/><U129/><E73/><V28/><F125/><W36/><G116/><T100/><D1/><U62/><E129/><V25/><F39/><W19/><G34/><T46/><D6/><U5/><E5/><V93/><F26/><W9/><G71/><T135/><D128/><U66/><E30/><V89/><F102/><W127/><G19/><T90/><D18/><U43/><E104/><V2/><F10/><W120/><G94/><T126/><D46/><N who="1" m="25823" /><E51/><V52/><F2/><W118/><G45/><T22/><D22/><N who="1" m="11567" /><E113/><V29/><F69/><W130/><G44/><T0/><D0/><U107/><E107/><V75/><F75/><W23/><G7/><T21/><D21/><U131/><E131/><V134/><F134/><N who="0" m="51242" /><D126/><U119/><E119/><V82/><F82/><AGARI ba="1,0" hai="59,62,66,82,87,88,97,99" m="11567,25823" machi="82" ten="30,2000,0" yaku="8,1,54,1" doraHai="117" who="1" fromWho="2" sc="190,0,229,23,248,-23,333,0" /><INIT seed="3,0,0,1,2,91" ten="190,252,225,333" oya="3" hai0="1,74,64,82,14,132,5,83,42,29,109,0,120" hai1="115,124,69,86,26,60,68,30,99,59,45,53,51" hai2="98,88,102,127,48,25,4,93,92,89,97,58,15" hai3="38,19,133,73,34,16,122,63,84,23,126,50,100"/><W49/><G122/><T123/><D64/><U17/><E115/><V44/><F127/><W85/><G38/><T113/><D29/><U104/><E17/><V12/><F102/><W22/><G73/><T103/><D103/><U105/><E86/><V134/><F134/><W129/><G34/><T118/><D42/><U55/><E124/><V52/><F4/><W67/><G126/><T76/><D132/><U8/><E8/><V7/><F7/><W39/><G39/><T75/><D14/><N who="2" m="5162" /><F25/><W77/><G129/><T81/><D5/><U37/><E37/><V95/><F95/><W43/><G133/><T35/><D35/><U101/><E105/><V28/><F28/><W70/><G100/><T128/><D128/><U116/><E116/><V31/><F31/><W72/><G72/><N who="0" m="27691" /><D76/><U9/><E9/><V3/><F3/><N who="0" m="1098" /><D118/><U131/><E131/><V46/><AGARI ba="0,0" hai="44,46,48,52,58,88,89,92,93,97,98" m="5162" machi="46" ten="30,8000,1" yaku="8,1,52,2,54,2" doraHai="91" who="2" fromWho="2" sc="190,-20,252,-20,225,80,333,-40" /><INIT seed="4,0,0,5,1,82" ten="170,232,305,293" oya="0" hai0="47,97,103,122,102,98,94,110,123,25,20,67,42" hai1="117,78,28,113,52,22,128,0,86,43,93,21,129" hai2="45,13,9,66,101,114,49,70,29,58,96,59,60" hai3="57,63,87,83,106,119,112,92,134,7,80,54,125"/><T51/><D110/><U91/><E117/><V105/><F114/><W31/><G119/><T35/><D35/><U17/><E43/><V19/><REACH who="2" step="1"/><F29/><REACH who="2" ten="170,232,295,293" step="2"/><W38/><G31/><T79/><D67/><U18/><E113/><V65/><F65/><W34/><G112/><T32/><D32/><U26/><E0/><V131/><F131/><W12/><G34/><T90/><D79/><U88/><E78/><V64/><F64/><W81/><G125/><T4/><D4/><U37/><E128/><V130/><F130/><W74/><G7/><T108/><D108/><U120/><E120/><V85/><F85/><W39/><G87/><T33/><D33/><U84/><E129/><V109/><F109/><W41/><G134/><T69/><D69/><U111/><E111/><V71/><F71/><W8/><G74/><T50/><D123/><U127/><E127/><V16/><F16/><W6/><G6/><T72/><D72/><U11/><E28/><V24/><F24/><W15/><G15/><T133/><D133/><U3/><E3/><V5/><F5/><W1/><G12/><T89/><D122/><U68/><E68/><V118/><F118/><W116/><G1/><T77/><D77/><U104/><E18/><V30/><F30/><W48/><G116/><T115/><D115/><U2/><E2/><V62/><F62/><W55/><G63/><T36/><D25/><U99/><E26/><V132/><F132/><W124/><G124/><T56/><D98/><U135/><E99/><V40/><AGARI ba="0,1" hai="9,13,19,40,45,49,58,59,60,66,70,96,101,105" machi="40" ten="20,2700,0" yaku="1,1,0,1,7,1,53,0" doraHai="82" doraHaiUra="73" who="2" fromWho="2" sc="170,-13,232,-7,295,37,293,-7" /><INIT seed="5,0,0,4,0,87" ten="157,225,332,286" oya="1" hai0="31,5,76,72,85,33,12,64,7,37,13,105,1" hai1="125,58,104,20,6,135,94,103,42,16,127,106,55" hai2="4,30,81,111,47,101,74,28,15,45,134,17,29" hai3="44,110,119,65,27,79,113,128,68,89,120,118,62"/><U117/><E117/><N who="3" m="44554" /><G110/><T88/><D37/><U53/><E135/><V51/><F111/><W25/><G120/><T41/><D105/><U9/><E42/><V107/><F74/><W122/><G122/><T86/><D72/><U102/><E94/><V32/><F32/><W90/><G113/><T84/><D1/><U67/><E67/><V39/><F39/><W123/><G123/><T98/><D33/><U133/><E133/><V2/><F47/><W43/><G79/><T115/><D115/><U99/><E55/><V34/><F101/><W70/><G128/><T95/><D76/><U71/><E71/><V129/><F107/><W0/><G0/><T48/><D31/><U38/><E38/><V24/><F129/><W116/><G70/><T40/><D64/><U56/><E103/><V11/><F81/><W61/><G61/><T60/><D60/><U80/><E80/><V59/><F59/><W82/><G116/><T112/><D112/><U130/><E130/><V83/><F83/><W14/><G14/><N who="0" m="5739" /><D48/><U96/><E104/><V108/><F134/><W77/><G25/><T75/><D75/><U121/><E121/><V52/><F108/><W97/><G27/><T114/><D114/><U46/><E106/><V131/><F131/><W109/><G109/><T66/><D66/><U63/><E63/><V49/><F51/><N who="3" m="27039" /><G97/><T35/><D35/><U50/><E99/><V124/><F124/><N who="1" m="47689" /><E96/><V93/><F93/><W36/><G36/><T92/><D92/><U69/><E69/><V22/><AGARI ba="0,0" hai="2,4,11,15,17,22,24,28,29,30,34,45,49,52" machi="22" ten="20,8000,1" yaku="0,1,7,1,24,2,54,1" doraHai="87" who="2" fromWho="2" sc="157,-20,225,-40,332,80,286,-20" /><INIT seed="6,0,0,4,5,53" ten="137,185,412,266" oya="2" hai0="5,111,78,50,132,66,74,69,115,58,113,48,2" hai1="135,71,51,42,98,131,97,105,8,126,33,106,6" hai2="39,44,12,23,123,37,75,40,45,26,83,133,84" hai3="64,134,28,118,121,56,55,15,99,60,109,124,110"/><V107/><F107/><W54/><G28/><T92/><D74/><U108/><E108/><V122/><F75/><W3/><G3/><T61/><D78/><U95/><E131/><V47/><F12/><W10/><G118/><T32/><D32/><U13/><E126/><V104/><F104/><W57/><G121/><T62/><D2/><U0/><E71/><V96/><F96/><W77/><G134/><T4/><D92/><U129/><E129/><V22/><F133/><W65/><G77/><T68/><D132/><U59/><E33/><V36/><F40/><W49/><G124/><T43/><D43/><U34/><E34/><V1/><F1/><W89/><G110/><T94/><D94/><U67/><E98/><V76/><REACH who="2" step="1"/><F26/><REACH who="2" ten="137,185,402,266" step="2"/><W79/><G109/><T16/><D111/><U70/><E0/><V112/><F112/><W19/><G99/><T9/><D115/><U17/><E105/><V128/><F128/><W18/><G15/><T130/><D113/><U91/><E106/><V46/><F46/><W114/><G114/><T27/><D27/><U14/><E135/><V102/><F102/><W101/><G101/><T90/><D130/><U87/><E42/><V29/><F29/><W85/><G85/><T30/><D30/><U21/><E97/><V117/><F117/><W35/><G19/><T38/><D16/><U73/><E73/><V125/><F125/><W100/><G18/><T31/><D31/><U63/><E70/><V81/><F81/><W82/><G100/><T20/><D69/><U52/><E67/><N who="3" m="25674" /><G35/><T41/><D66/><U120/><E120/><AGARI ba="0,1" hai="22,23,36,37,39,44,45,47,76,83,84,120,122,123" machi="120" ten="50,4800,0" yaku="1,1,6,1,53,0" doraHai="53" doraHaiUra="86" who="2" fromWho="1" sc="137,0,185,-48,402,58,266,0" /><INIT seed="6,1,0,1,4,116" ten="137,137,460,266" oya="2" hai0="28,97,105,59,96,47,98,23,101,57,107,71,24" hai1="90,29,7,19,125,114,87,83,42,128,5,55,133" hai2="4,31,76,26,51,81,38,18,73,92,6,48,37" hai3="103,130,131,63,85,45,25,52,115,84,60,95,91"/><V35/><F18/><W93/><G115/><T62/><D47/><U34/><E114/><V58/><F92/><W67/><G25/><T102/><D97/><U61/><E133/><V65/><F51/><N who="3" m="28783" /><G103/><T3/><D3/><U106/><E128/><N who="3" m="49194" /><G60/><T75/><D75/><U2/><E125/><V53/><REACH who="2" step="1"/><F65/><AGARI ba="1,0" hai="23,24,28,57,59,62,65,71,96,98,101,102,105,107" machi="65" ten="40,1300,0" yaku="9,1" doraHai="116" who="0" fromWho="2" sc="137,16,137,0,460,-16,266,0" /><INIT seed="7,0,0,0,3,44" ten="153,137,444,266" oya="3" hai0="39,14,93,43,78,49,87,34,89,2,76,120,63" hai1="9,64,113,58,124,99,67,36,20,94,106,17,7" hai2="100,108,53,8,83,29,127,125,115,15,10,82,104" hai3="12,109,27,61,56,73,133,60,97,51,55,77,46"/><W32/><G133/><T0/><D120/><U116/><E36/><V48/><F108/><W121/><G121/><T102/><D34/><U134/><E134/><V24/><F100/><W105/><G109/><T22/><D39/><U131/><E106/><V25/><F104/><W38/><G73/><T65/><D2/><U85/><E131/><V88/><F88/><W117/><G117/><T135/><D0/><U95/><E124/><N who="2" m="47691" /><F10/><W90/><G77/><T80/><D135/><U3/><E116/><V114/><F25/><W57/><G12/><T37/><D37/><U42/><E113/><V112/><F53/><W52/><G38/><T66/><D102/><U130/><E42/><V18/><F48/><W62/><G105/><T6/><D43/><U59/><E130/><V122/><F122/><W1/><G1/><T68/><D89/><U33/><E33/><AGARI ba="0,0" hai="8,15,18,24,29,33,82,83,112,114,115" m="47691" machi="33" ten="40,2600,0" yaku="15,1,18,1" doraHai="44" who="2" fromWho="1" sc="153,0,137,-26,444,26,266,0" owari="153,-25.0,111,-39.0,470,57.0,266,7.0" /></mjloggm>