<mjloggm ver="2.3"><GO type="169" lobby="0"/><UN n0="%41%4F%54" n1="%E4%B8%8A%E6%B5%B7%E3%83%8B%E3%83%83%E3%82%AF" n2="%53%61%6F%2D%48%7A%78" n3="%6D%61%73%5F" dan="16,16,16,18" rate="2154.00,2109.96,2109.26,2246.36" sx="M,M,F,M"/><TAIKYOKU oya="0"/><INIT seed="0,0,0,4,1,132" ten="250,250,250,250" oya="0" hai0="2,75,65,91,62,31,43,33,58,38,74,108,28" hai1="17,5,0,4,114,15,53,92,121,1,66,20,112" hai2="105,104,135,123,29,129,87,25,59,68,9,113,3" hai3="10,7,107,125,16,96,48,18,45,80,30,47,72"/><T90/><D2/><N who="1" m="1131" /><E66/><V11/><F113/><N who="1" m="43625" /><E92/><V39/><F123/><W115/><G7/><N who="1" m="2634" /><E53/><V71/><F3/><W88/><G96/><T44/><D108/><U102/><E102/><V73/><F73/><W89/><G47/><T50/><D75/><U57/><E57/><V128/><F59/><W101/><G45/><T99/><D74/><U6/><N who="1" m="2642" /><U127/><DORA hai="51" /><E121/><V36/><F87/><W70/><G101/><T130/><D38/><U77/><E77/><V40/><F40/><W61/><G89/><T79/><D79/><U126/><AGARI ba="0,0" hai="15,17,20,126,127" m="2642,43625,1131" machi="126" ten="50,8000,1" yaku="11,1,34,2,52,2" doraHai="132,51" who="1" fromWho="1" sc="250,-40,250,80,250,-20,250,-20" /><INIT seed="1,0,0,3,3,65" ten="210,330,230,230" oya="1" hai0="77,128,11,59,129,102,132,92,83,68,134,25,57" hai1="26,94,60,91,110,23,33,106,35,101,15,133,50" hai2="10,4,114,3,85,2,127,14,62,42,73,46,19" hai3="78,1,17,49,95,29,32,90,30,37,131,41,87"/><U86/><E133/><N who="0" m="51305" /><D25/><U69/><E110/><V38/><F73/><W24/><G131/><N who="0" m="50251" /><D11/><U115/><E115/><V135/><F127/><W54/><G1/><T72/><D68/><U48/><E15/><V99/><F114/><W74/><G30/><T13/><D13/><U55/><E101/><V105/><F135/><W28/><G28/><T53/><D53/><U7/><E106/><V8/><F62/><W27/><G78/><T107/><D107/><U9/><E50/><V20/><F8/><W71/><G71/><T97/><AGARI ba="0,0" hai="57,59,72,77,83,92,97,102" m="50251,51305" machi="97" ten="40,2700,0" yaku="20,1,19,1" doraHai="65" who="0" fromWho="0" sc="210,27,330,-13,230,-7,230,-7" /><INIT seed="2,0,0,0,0,118" ten="237,317,223,223" oya="2" hai0="79,48,51,26,59,127,65,66,82,121,104,99,132" hai1="71,85,120,95,18,86,30,1,67,111,117,75,4" hai2="34,74,54,45,91,64,3,37,13,11,133,128,102" hai3="88,126,92,38,94,115,0,2,98,101,97,62,110"/><V23/><F34/><W80/><G38/><T112/><D112/><U129/><E117/><V46/><F74/><W77/><G115/><T135/><D127/><U72/><E30/><V50/><F133/><N who="0" m="51274" /><D26/><U9/><E71/><V33/><F33/><W21/><G110/><T87/><D121/><U44/><E67/><N who="0" m="25609" /><D59/><U35/><E35/><V22/><F3/><W20/><G126/><T55/><D55/><U10/><E111/><V109/><F109/><W76/><G62/><T107/><D99/><U7/><E18/><V29/><F64/><W122/><G122/><T15/><D15/><U61/><E61/><V70/><F70/><W42/><G42/><T96/><D96/><U43/><E129/><V106/><F128/><W134/><G134/><T16/><D16/><U123/><E43/><V40/><F29/><W41/><G41/><T103/><D103/><U58/><E58/><V73/><F73/><W69/><G69/><T28/><D28/><U5/><E5/><V113/><F113/><W6/><G6/><T108/><D108/><U47/><E95/><V78/><F102/><W125/><G125/><T89/><D79/><U39/><E1/><V24/><F78/><W49/><G77/><T114/><D114/><U56/><E56/><V90/><F24/><W119/><G119/><T130/><D130/><U53/><E53/><V31/><F31/><W57/><G2/><T19/><D19/><U100/><E100/><V12/><F12/><W84/><G0/><T14/><D14/><U25/><E25/><V60/><F13/><W27/><G27/><T105/><AGARI ba="0,0" hai="48,51,82,87,89,104,105,107" m="25609,51274" machi="105" ten="40,2700,0" yaku="5,1,20,1" doraHai="118" who="0" fromWho="0" sc="237,27,317,-7,223,-13,223,-7" /><INIT seed="3,0,0,3,1,122" ten="264,310,210,216" oya="3" hai0="23,28,103,40,127,12,43,109,91,49,34,92,57" hai1="41,24,35,70,62,76,63,77,105,101,95,83,25" hai2="130,65,31,64,60,86,26,115,120,10,36,102,1" hai3="11,66,85,134,51,97,17,99,42,135,112,9,110"/><W53/><G112/><T107/><D127/><U19/><E41/><V72/><F72/><W88/><G42/><T108/><D34/><U48/><E48/><V18/><F36/><W0/><G66/><T30/><D107/><U124/><E124/><V56/><F115/><W38/><G38/><T2/><D2/><U98/><E25/><V121/><F130/><W13/><G110/><N who="0" m="42603" /><D103/><U128/><E128/><V119/><F119/><W5/><G134/><T46/><D57/><U114/><E114/><V93/><F65/><W68/><G68/><T50/><D50/><U32/><E32/><V80/><F1/><W87/><G87/><N who="0" m="52351" /><D40/><U33/><E33/><V15/><F102/><W8/><G135/><T45/><D45/><U71/><E35/><V125/><F125/><W6/><G97/><T74/><D74/><U44/><E44/><V133/><F133/><W100/><G99/><T106/><D106/><U39/><E39/><V58/><F58/><N who="3" m="33087" /><G100/><T22/><D12/><U55/><E105/><V75/><F75/><W37/><G0/><T79/><D79/><U111/><E76/><N who="2" m="46343" /><F121/><W131/><G131/><T117/><D117/><U52/><E71/><V54/><F120/><W4/><G37/><T16/><D16/><U81/><E70/><V29/><F18/><W90/><G90/><T78/><D78/><U129/><E129/><V27/><F15/><W116/><G116/><T14/><D14/><U82/><E77/><V89/><F89/><W132/><G132/><T7/><D7/><U67/><E111/><V94/><F56/><W59/><G59/><T3/><D3/><RYUUKYOKU ba="0,0" sc="264,15,310,-15,210,-15,216,15" hai0="22,23,28,30,43,46,49" hai3="4,5,6,8,9,11,13,17,85,88" /><INIT seed="3,1,0,2,3,75" ten="279,295,195,231" oya="3" hai0="126,107,98,115,0,60,44,42,13,114,70,41,24" hai1="97,52,96,122,76,65,58,29,134,9,33,130,46" hai2="31,100,21,104,12,81,82,111,113,53,95,45,49" hai3="55,39,35,4,30,74,19,25,40,20,87,56,125"/><W68/><G125/><T91/><D126/><U34/><E122/><V22/><F111/><W83/><G68/><T92/><D0/><U14/><E130/><V86/><F113/><N who="0" m="43018" /><D107/><U88/><E134/><V108/><F108/><W37/><G4/><T26/><D13/><U1/><E1/><V7/><F104/><W131/><G74/><T11/><D11/><U69/><E46/><V103/><F82/><W94/><G94/><T43/><D44/><U121/><E121/><V132/><F132/><W18/><G131/><T106/><D106/><U129/><E65/><AGARI ba="1,0" hai="24,26,41,42,43,60,65,70,91,92,98" m="43018" machi="65" ten="30,1000,0" yaku="11,1" doraHai="75" who="0" fromWho="1" sc="279,13,295,-13,195,0,231,0" /><INIT seed="4,0,0,3,4,11" ten="292,282,195,231" oya="0" hai0="58,16,78,105,19,43,68,15,32,103,119,24,133" hai1="82,130,74,51,20,87,96,83,67,126,1,102,81" hai2="10,18,49,85,2,125,38,56,124,22,21,128,80" hai3="42,14,35,70,76,86,40,109,6,26,107,93,77"/><T94/><D68/><U29/><E1/><V90/><F38/><W31/><G109/><T41/><D119/><U132/><E67/><V120/><F120/><W39/><G107/><T46/><D105/><U62/><E62/><V84/><F128/><W28/><G70/><T33/><D133/><U122/><E122/><V52/><F85/><W3/><G3/><T50/><D78/><U131/><E51/><V9/><F22/><W101/><G31/><T75/><D75/><U34/><E20/><V73/><F73/><W4/><G4/><T79/><D79/><N who="1" m="44279" /><E29/><V17/><F17/><W135/><G135/><T27/><D43/><U92/><E34/><V110/><F110/><W106/><G77/><T45/><D45/><U104/><E132/><V98/><F98/><W91/><G76/><T55/><D32/><U5/><E5/><V53/><F53/><W112/><G39/><T121/><D121/><U61/><E61/><V7/><REACH who="2" step="1"/><F10/><REACH who="2" ten="292,282,185,231" step="2"/><W47/><G86/><T114/><D19/><U111/><E111/><V12/><AGARI ba="0,1" hai="2,7,9,12,18,21,49,52,56,80,84,90,124,125" machi="12" ten="30,8000,1" yaku="1,1,2,1,0,1,52,1,54,1,53,0" doraHai="11" doraHaiUra="117" who="2" fromWho="2" sc="292,-40,282,-20,185,90,231,-20" /><INIT seed="5,0,0,2,0,15" ten="252,262,275,211" oya="1" hai0="11,24,31,4,9,120,21,78,116,55,69,57,92" hai1="7,93,87,130,30,32,94,107,128,79,106,47,118" hai2="123,115,104,77,105,23,74,44,110,113,70,43,98" hai3="12,62,8,83,63,1,117,81,49,85,112,72,46"/><U41/><E118/><V59/><F70/><W35/><G117/><T42/><D69/><U119/><E119/><V19/><F110/><W53/><G35/><T17/><D116/><U64/><E64/><V96/><F123/><W103/><G112/><N who="2" m="43081" /><F59/><W38/><G1/><T97/><D120/><U37/><E7/><V67/><F67/><W36/><G103/><T129/><D129/><N who="1" m="49771" /><E30/><V13/><F77/><W121/><G121/><T133/><D133/><U71/><E32/><V84/><F84/><W18/><G81/><T114/><D114/><U109/><E71/><V22/><F22/><W10/><G72/><T100/><D78/><U66/><E66/><V91/><F74/><W124/><G124/><T39/><D42/><U82/><E109/><V75/><F75/><W25/><G25/><T16/><D39/><U50/><E37/><N who="2" m="21615" /><F91/><N who="3" m="51647" /><G38/><T111/><D111/><U131/><N who="1" m="49779" /><U134/><DORA hai="34" /><E134/><V90/><F90/><W80/><G36/><T126/><D126/><U99/><E99/><AGARI ba="0,0" hai="13,19,23,96,98,99,104,105" m="21615,43081" machi="99" ten="30,3900,0" yaku="15,1,11,1,52,1" doraHai="15,34" who="2" fromWho="1" sc="252,0,262,-39,275,39,211,0" /><INIT seed="6,0,0,2,5,11" ten="252,223,314,211" oya="2" hai0="67,15,53,29,39,77,10,66,71,58,5,54,65" hai1="108,127,60,125,106,94,47,17,7,115,23,4,112" hai2="3,102,61,100,40,72,48,12,118,95,28,113,123" hai3="130,51,78,64,105,73,26,8,122,128,6,21,55"/><V74/><F3/><W30/><G122/><T101/><D39/><U56/><E106/><V59/><F118/><W126/><G105/><T27/><D71/><U131/><E47/><V20/><F123/><W43/><G43/><T121/><D121/><U86/><E108/><V111/><F111/><W22/><G126/><N who="1" m="48138" /><E86/><V103/><F113/><N who="1" m="43593" /><E94/><V34/><F95/><W36/><G64/><T109/><D109/><U70/><E70/><V119/><F119/><W42/><G42/><T116/><D116/><U88/><E88/><V90/><F90/><W57/><G36/><T9/><D77/><U35/><E35/><V134/><F34/><W13/><REACH who="3" step="1"/><G21/><REACH who="3" ten="252,223,314,201" step="2"/><T16/><D65/><N who="1" m="39047" /><E131/><V63/><F40/><W1/><G1/><T91/><D66/><U19/><E23/><V81/><F20/><W83/><AGARI ba="0,1" hai="6,8,13,22,26,30,51,55,57,73,78,83,128,130" machi="83" ten="30,7900,0" yaku="1,1,0,1,52,1,53,1" doraHai="11" doraHaiUra="50" who="3" fromWho="3" sc="252,-20,223,-20,314,-39,201,89" /><INIT seed="7,0,0,2,5,116" ten="232,203,275,290" oya="3" hai0="108,114,123,10,120,51,88,14,3,25,18,29,128" hai1="91,42,28,59,133,27,39,13,127,97,52,22,87" hai2="20,49,132,117,134,135,92,26,80,44,118,32,35" hai3="24,109,33,106,45,63,125,57,122,6,112,93,79"/><W105/><G122/><N who="0" m="46635" /><D51/><U126/><E133/><V43/><F80/><W55/><G112/><T60/><D60/><U131/><E131/><V110/><F110/><W30/><G125/><N who="1" m="47626" /><E13/><V61/><F92/><W68/><G109/><T104/><D104/><U82/><E97/><V75/><F75/><W53/><G6/><N who="0" m="1375" /><D108/><U74/><E74/><V76/><F76/><W7/><G7/><T31/><D88/><N who="1" m="51319" /><E42/><V21/><F21/><W119/><G119/><N who="2" m="45577" /><F61/><W81/><G68/><T83/><D83/><U19/><E91/><V36/><F36/><W89/><G55/><T111/><D111/><U12/><E39/><V0/><F0/><W129/><G45/><T73/><D73/><U71/><E71/><V8/><F8/><W72/><G129/><T90/><D90/><U77/><E77/><V69/><F69/><W115/><G115/><T48/><D48/><N who="1" m="31111" /><E12/><V15/><F15/><W96/><AGARI ba="0,0" hai="24,30,33,53,57,63,72,79,81,89,93,96,105,106" machi="96" ten="20,2100,0" yaku="0,1,7,1" doraHai="116" who="3" fromWho="3" sc="232,-7,203,-7,275,-7,290,21" owari="225,-17.0,196,-30.0,268,7.0,311,40.0" /></mjloggm>