<mjloggm ver="2.3"><GO type="169" lobby="0"/><UN n0="%6B%6F%62%6F%7A%32" n1="%31%35%2E%31%35%63%6D" n2="%E3%82%B9%E3%82%AB%E3%83%BC%E3%83%AC%E3%83%83%E3%83%88" n3="%62%6F%79%61%74%65%74%75" dan="17,16,16,17" rate="2239.32,2075.17,2113.46,2181.41" sx="M,M,M,M"/><TAIKYOKU oya="0"/><INIT seed="0,0,0,4,4,25" ten="250,250,250,250" oya="0" hai0="79,7,33,1,11,70,68,73,51,59,39,16,122" hai1="124,72,133,97,0,108,58,98,21,94,43,30,102" hai2="106,71,126,110,77,127,23,107,60,82,32,81,40" hai3="38,86,115,47,93,57,67,76,99,101,91,31,19"/><T35/><D122/><U48/><E108/><V75/><F32/><W135/><G115/><T45/><D59/><U8/><E72/><V28/><F110/><W96/><G135/><T90/><D90/><U118/><E118/><V34/><F34/><N who="0" m="12810" /><D51/><U29/><E133/><V120/><F120/><W9/><G38/><T123/><D123/><U103/><E124/><N who="2" m="47659" /><F40/><W13/><G47/><T62/><D62/><U44/><E21/><V55/><F81/><N who="3" m="47399" /><G96/><T87/><D87/><U78/><E78/><V18/><F28/><N who="1" m="10857" /><E0/><V85/><F75/><W104/><G104/><T26/><D26/><U15/><E58/><N who="2" m="34911" /><F71/><W54/><G57/><T117/><D117/><U12/><E8/><V95/><F95/><AGARI ba="0,0" hai="12,15,43,44,48,94,95,97,98,102,103" m="10857" machi="95" ten="30,7700,0" yaku="8,1,52,3" doraHai="25" who="1" fromWho="2" sc="250,0,250,77,250,-77,250,0" /><INIT seed="1,0,0,2,0,1" ten="250,327,173,250" oya="1" hai0="60,74,127,32,120,87,124,23,3,91,102,105,72" hai1="123,12,116,77,44,113,27,39,81,131,41,108,30" hai2="21,20,43,84,55,94,47,25,79,109,92,106,52" hai3="4,135,86,37,85,117,16,78,68,11,110,10,5"/><U57/><E113/><V0/><F106/><W63/><G37/><T56/><D32/><U22/><E116/><V33/><F109/><W93/><G110/><T38/><D3/><U103/><E108/><V83/><F0/><W48/><G135/><T112/><D38/><U53/><E131/><V76/><F33/><W24/><G117/><T125/><D112/><U119/><E119/><V15/><F76/><W80/><G68/><T62/><D23/><U100/><E123/><V99/><F15/><N who="3" m="7295" /><G63/><T101/><D120/><U121/><E121/><V34/><F34/><W59/><G24/><T66/><D62/><U73/><REACH who="1" step="1"/><E12/><REACH who="1" ten="250,317,173,250" step="2"/><V50/><F20/><W132/><G132/><T8/><D124/><U19/><E19/><N who="2" m="12479" /><F92/><W64/><G10/><T129/><D8/><U82/><E82/><V118/><F118/><W97/><G93/><T2/><D105/><U89/><E89/><AGARI ba="0,1" hai="43,47,50,52,55,79,83,84,89,94,99" m="12479" machi="89" ten="30,2000,0" yaku="8,1,54,1" doraHai="1" who="2" fromWho="1" sc="250,0,317,-20,173,30,250,0" /><INIT seed="2,0,0,5,4,69" ten="250,297,203,250" oya="2" hai0="21,93,121,25,6,64,57,75,40,124,98,16,132" hai1="49,86,101,79,55,134,102,38,127,26,7,106,118" hai2="47,39,9,32,19,41,67,54,119,51,18,84,35" hai3="80,108,83,114,126,125,52,48,122,94,65,105,34"/><V1/><F119/><W97/><G122/><T56/><D121/><U24/><E118/><V45/><F67/><W135/><G114/><T44/><D75/><U81/><E127/><V0/><F84/><W96/><G34/><T76/><D76/><U92/><E134/><V73/><F73/><W129/><G65/><T116/><D132/><U15/><E106/><V123/><F123/><W23/><G135/><T109/><D109/><U36/><E26/><V82/><F82/><W117/><G117/><T53/><D124/><U71/><E71/><V91/><F91/><W27/><G108/><T99/><D6/><U87/><E24/><V5/><REACH who="2" step="1"/><F1/><REACH who="2" ten="250,297,193,250" step="2"/><W61/><G125/><T28/><D64/><U37/><E87/><V133/><F133/><W50/><G126/><T31/><D116/><U89/><E81/><V110/><F110/><W113/><G80/><T11/><D99/><U58/><REACH who="1" step="1"/><E79/><REACH who="1" ten="250,287,193,250" step="2"/><V63/><F63/><W43/><G61/><T8/><D98/><U14/><E14/><V85/><F85/><W46/><G83/><T33/><D25/><U88/><E88/><V70/><F70/><W131/><G97/><T3/><D3/><U103/><E103/><V112/><F112/><W68/><G68/><T30/><D93/><U17/><E17/><AGARI ba="0,2" hai="0,5,9,17,18,19,32,35,39,41,45,47,51,54" machi="17" ten="40,3900,0" yaku="1,1,52,1,53,0" doraHai="69" doraHaiUra="128" who="2" fromWho="1" sc="250,0,287,-39,193,59,250,0" /><INIT seed="2,1,0,0,0,103" ten="250,248,252,250" oya="2" hai0="47,101,92,133,128,99,82,90,70,110,69,63,122" hai1="64,67,38,61,36,87,124,45,113,31,43,107,134" hai2="41,34,39,0,73,49,93,22,95,108,15,114,16" hai3="59,80,62,86,123,72,25,91,21,19,24,106,28"/><V60/><F114/><W119/><G123/><T29/><D122/><U57/><E113/><V120/><F120/><W83/><G119/><T52/><D110/><U26/><E134/><V104/><F0/><W121/><G121/><T75/><D128/><U94/><E124/><V30/><F73/><W14/><G25/><T115/><D29/><U6/><E38/><V55/><F108/><W118/><G118/><T81/><D133/><U13/><E67/><V111/><F111/><W51/><G106/><T32/><D32/><U102/><E6/><V125/><F125/><W116/><G116/><T66/><D70/><U1/><E1/><V35/><F104/><W3/><G3/><T40/><D75/><U33/><E13/><V27/><F35/><W74/><G51/><T37/><D115/><U54/><E87/><V46/><REACH who="2" step="1"/><F60/><REACH who="2" ten="250,248,242,250" step="2"/><W84/><G74/><T85/><REACH who="0" step="1"/><D52/><REACH who="0" ten="240,248,242,250" step="2"/><U126/><E54/><V117/><F117/><W77/><G72/><T17/><D17/><U8/><E126/><V42/><F42/><W48/><G19/><T109/><D109/><U127/><E127/><V2/><F2/><W88/><G62/><T112/><D112/><U105/><E61/><V79/><F79/><W53/><G77/><T58/><D58/><AGARI ba="1,2" hai="15,16,22,27,30,34,39,41,46,49,55,58,93,95" machi="58" ten="30,11600,0" yaku="1,1,7,1,54,1,53,1" doraHai="103" doraHaiUra="50" who="2" fromWho="0" sc="240,-119,248,0,242,139,250,0" /><INIT seed="2,2,0,3,0,67" ten="121,248,381,250" oya="2" hai0="2,134,7,118,116,31,21,56,70,6,75,92,5" hai1="81,34,25,10,86,83,58,91,15,55,131,64,45" hai2="99,74,40,93,28,43,128,42,121,11,18,124,133" hai3="88,32,129,3,127,4,68,14,101,95,120,38,135"/><V79/><F121/><W24/><G120/><T125/><D75/><U103/><E131/><V110/><F128/><W108/><G38/><T63/><D134/><U61/><E34/><V100/><F133/><W97/><G3/><T0/><D92/><U50/><E25/><V84/><F124/><W114/><G135/><T54/><D125/><U66/><E83/><V30/><F74/><W48/><G129/><T105/><D105/><U111/><E111/><V27/><F110/><W53/><G108/><T22/><D70/><U106/><E106/><V122/><F122/><W51/><G127/><T113/><D113/><U109/><E109/><V13/><REACH who="2" step="1"/><F27/><REACH who="2" ten="121,248,371,250" step="2"/><W65/><G24/><T77/><D31/><U20/><E103/><V130/><F130/><W94/><G101/><T35/><D35/><U78/><E91/><V115/><F115/><W89/><G32/><T69/><D77/><U123/><E123/><V29/><F29/><W37/><G89/><T1/><REACH who="0" step="1"/><D69/><REACH who="0" ten="111,248,371,250" step="2"/><U102/><E78/><V82/><AGARI ba="2,2" hai="11,13,18,28,30,40,42,43,79,82,84,93,99,100" machi="82" ten="30,6000,0" yaku="1,1,0,1,8,1,53,0" doraHai="67" doraHaiUra="119" who="2" fromWho="2" sc="111,-22,248,-22,371,86,250,-22" /><INIT seed="2,3,0,1,3,83" ten="89,226,457,228" oya="2" hai0="90,71,97,49,37,70,123,55,102,112,12,84,94" hai1="6,127,3,88,130,64,11,20,24,67,133,23,113" hai2="109,117,13,15,79,96,110,106,2,74,103,95,43" hai3="34,59,4,27,120,17,36,40,77,115,128,116,104"/><V53/><F2/><W39/><G120/><T21/><D123/><U99/><E113/><V118/><F43/><W107/><G116/><N who="2" m="44649" /><F53/><W76/><G4/><T32/><D37/><U33/><E33/><V98/><F13/><W60/><G34/><T108/><D32/><U132/><E130/><V5/><F15/><W92/><G128/><T75/><D75/><U78/><E78/><V125/><F5/><W48/><G92/><T131/><D112/><U100/><E127/><V122/><F122/><W25/><G48/><T80/><D108/><N who="2" m="41578" /><F125/><W19/><G40/><T7/><D131/><U91/><E67/><V72/><F79/><W56/><G115/><T50/><D50/><U0/><E64/><V87/><F87/><W8/><G8/><T124/><D124/><U114/><E3/><V58/><F58/><W9/><G9/><T26/><D7/><U62/><E62/><AGARI ba="3,0" hai="17,19,25,27,36,39,56,59,60,62,76,77,104,107" machi="62" ten="25,1600,0" yaku="22,2" doraHai="83" who="3" fromWho="1" sc="89,0,226,-25,457,0,228,25" /><INIT seed="3,0,0,4,0,95" ten="89,201,457,253" oya="3" hai0="56,47,75,102,122,36,100,25,83,41,124,50,115" hai1="63,52,92,134,131,133,114,110,8,73,101,113,35" hai2="20,126,45,81,97,31,1,66,76,82,27,68,37" hai3="112,80,109,96,26,28,19,55,103,44,93,57,127"/><W116/><G116/><T62/><D122/><U39/><E73/><V70/><F1/><W33/><G112/><T65/><D115/><N who="1" m="44043" /><E35/><V118/><F118/><W4/><G127/><T88/><D124/><U46/><E8/><V58/><F126/><W74/><G109/><T61/><D75/><U11/><E11/><V30/><F30/><W48/><G4/><T14/><D14/><U24/><E24/><V13/><F13/><W84/><G74/><T90/><D36/><U108/><E92/><V6/><F6/><W15/><G57/><N who="0" m="37039" /><D25/><U34/><E101/><N who="0" m="39017" /><D83/><U12/><E12/><V64/><F82/><W71/><G71/><T17/><D17/><U0/><E34/><V119/><F119/><W128/><G128/><T49/><D49/><N who="1" m="28727" /><E0/><V87/><F66/><AGARI ba="0,0" hai="41,47,50,56,62,66,88,90" m="39017,37039" machi="66" ten="30,2000,0" yaku="8,1,54,1" doraHai="95" who="0" fromWho="2" sc="89,20,201,0,457,-20,253,0" /><INIT seed="4,0,0,1,0,34" ten="109,201,437,253" oya="0" hai0="133,92,101,23,15,68,33,112,61,5,118,134,116" hai1="97,4,50,100,24,8,110,82,129,84,11,3,16" hai2="66,48,59,0,115,77,94,102,86,64,44,29,67" hai3="74,104,9,35,126,114,113,30,46,31,25,51,80"/><T57/><D68/><U87/><E129/><V62/><F0/><W105/><G126/><T41/><D33/><U122/><E110/><V65/><F115/><N who="3" m="44043" /><G31/><T10/><D112/><U26/><E122/><V130/><F130/><W83/><G9/><T132/><D41/><U79/><E84/><V91/><F29/><W13/><G13/><T89/><D101/><U76/><E76/><V7/><F7/><W120/><G120/><T56/><D23/><U124/><E50/><V131/><F131/><W17/><G17/><T40/><D40/><U85/><E85/><V54/><F102/><W106/><G74/><T39/><D39/><U45/><E45/><V111/><F111/><W52/><AGARI ba="0,0" hai="25,30,35,46,51,52,80,83,104,105,106" m="44043" machi="52" ten="40,2700,0" yaku="15,1,54,1" doraHai="34" who="3" fromWho="3" sc="109,-13,201,-7,437,-7,253,27" /><INIT seed="5,0,0,5,0,86" ten="96,194,430,280" oya="1" hai0="44,58,54,132,74,77,71,103,38,9,36,61,22" hai1="135,3,8,126,31,78,53,32,47,16,133,76,28" hai2="20,98,45,112,56,94,57,90,55,121,114,131,91" hai3="65,81,108,123,27,30,117,34,46,6,119,37,110"/><U29/><E32/><V48/><F121/><W118/><G65/><T67/><D74/><U92/><E126/><V93/><F20/><W59/><G59/><T41/><D77/><U82/><E3/><V73/><F73/><W62/><G62/><N who="0" m="40439" /><D22/><U104/><E104/><V17/><F17/><W33/><G123/><T15/><D15/><N who="1" m="7271" /><E82/><V122/><F122/><W79/><G6/><T72/><D9/><U5/><E5/><V42/><F131/><W124/><G124/><T130/><D103/><U25/><E25/><V51/><REACH who="2" step="1"/><F57/><REACH who="2" ten="96,194,420,280" step="2"/><W125/><G125/><T87/><D72/><U10/><E10/><V83/><F83/><W102/><G33/><T120/><D130/><U116/><E135/><V69/><F69/><W63/><G81/><T21/><D21/><U66/><E133/><V40/><F40/><W85/><G34/><T11/><D11/><U84/><E29/><V96/><AGARI ba="0,1" hai="42,45,48,51,55,56,90,91,93,94,96,98,112,114" machi="96" ten="30,8000,1" yaku="1,1,0,1,9,1,52,2,53,0" doraHai="86" doraHaiUra="2" who="2" fromWho="2" sc="96,-20,194,-40,420,90,280,-20" /><INIT seed="6,0,0,0,1,44" ten="76,154,510,260" oya="2" hai0="36,2,24,106,47,127,95,102,107,81,62,84,123" hai1="124,49,114,98,59,120,52,90,20,38,83,6,99" hai2="71,125,16,65,113,39,133,80,92,88,3,26,73" hai3="67,11,117,82,132,14,13,48,115,116,85,10,18"/><V129/><F39/><W105/><G132/><T108/><D2/><U22/><E38/><V0/><F133/><W97/><G115/><T109/><D62/><U19/><E114/><V72/><F113/><W60/><G97/><N who="1" m="36874" /><E124/><V75/><F80/><W64/><G105/><T70/><D70/><U40/><E120/><V9/><F125/><W7/><G64/><T93/><D127/><U57/><E6/><V121/><F121/><W41/><G60/><T122/><D36/><U66/><E40/><V86/><F129/><W134/><G67/><T4/><D4/><U33/><E33/><V69/><F65/><W56/><G134/><T54/><D54/><N who="1" m="31951" /><E66/><V76/><F76/><N who="3" m="46279" /><G56/><T55/><D55/><U68/><E68/><V61/><F61/><W63/><G63/><T27/><D47/><AGARI ba="0,0" hai="7,10,11,13,14,18,41,47,48,116,117" m="46279" machi="47" ten="30,2000,0" yaku="25,1,52,1" doraHai="44" who="3" fromWho="0" sc="76,-20,154,0,510,0,260,20" /><INIT seed="7,0,0,2,1,77" ten="56,154,510,280" oya="3" hai0="20,49,103,79,24,66,48,74,113,22,91,15,75" hai1="96,16,64,14,127,134,124,125,45,105,110,121,12" hai2="62,90,63,95,87,4,6,70,23,119,5,53,98" hai3="13,41,52,104,37,72,101,115,123,69,58,34,18"/><W54/><G123/><T131/><D131/><U46/><E121/><V3/><F119/><W33/><G115/><T39/><D39/><U97/><E134/><V117/><F117/><W2/><G2/><T11/><D103/><N who="1" m="62695" /><E110/><V128/><F128/><W44/><G69/><T116/><D116/><U51/><E64/><V27/><F70/><W61/><G72/><T82/><D113/><U83/><E83/><N who="2" m="49535" /><F53/><W81/><G81/><T111/><D111/><U89/><E51/><V50/><F50/><W68/><G68/><T106/><D74/><U73/><E73/><V71/><F71/><W17/><G17/><T94/><D106/><U108/><E14/><V57/><F57/><W84/><G84/><T114/><D66/><U59/><E59/><V8/><F8/><W122/><G122/><T129/><D129/><U32/><E32/><V85/><F85/><W35/><G104/><T126/><D114/><U43/><E43/><V78/><F78/><W55/><REACH who="3" step="1"/><G101/><REACH who="3" ten="56,154,510,270" step="2"/><T86/><D75/><U47/><E108/><V9/><F3/><W130/><G130/><T30/><D79/><U76/><E76/><V21/><F4/><W133/><G133/><T135/><D135/><U100/><E100/><V42/><F5/><W26/><G26/><N who="0" m="16711" /><D82/><U92/><E125/><V19/><F27/><W25/><G25/><T1/><D126/><U0/><E0/><V109/><F6/><W88/><G88/><T65/><D1/><U93/><E127/><V60/><F109/><W132/><G132/><T107/><D107/><U38/><E124/><V40/><F19/><W120/><G120/><RYUUKYOKU ba="0,1" sc="56,-10,154,-10,510,-10,270,30" hai3="13,18,33,34,35,37,41,44,52,54,55,58,61" /><INIT seed="7,1,1,4,1,63" ten="46,144,500,300" oya="3" hai0="51,93,89,29,126,125,47,33,17,50,96,30,107" hai1="88,135,37,18,57,109,116,39,49,98,83,6,10" hai2="120,118,78,128,92,42,112,24,91,85,97,69,123" hai3="111,3,35,14,94,105,122,21,77,31,73,25,133"/><W56/><G105/><T0/><D107/><U99/><E109/><V11/><F69/><W130/><G122/><N who="2" m="46633" /><F128/><W26/><G130/><T64/><D0/><U62/><E49/><V82/><F112/><W65/><G111/><T74/><D74/><U106/><E135/><V15/><F42/><W60/><G133/><T108/><D108/><U40/><E99/><V102/><F24/><W80/><G3/><T101/><D33/><U117/><E18/><N who="2" m="8575" /><F118/><N who="1" m="45673" /><E83/><V44/><F44/><W4/><G94/><T72/><D72/><U7/><E88/><AGARI ba="1,1" hai="78,82,85,88,91,92,97,102" m="8575,46633" machi="88" ten="30,2000,0" yaku="13,1,54,1" doraHai="63" who="2" fromWho="1" sc="46,0,144,-23,500,33,300,0" owari="46,-45.0,121,-28.0,533,63.0,300,10.0" /></mjloggm>