<mjloggm ver="2.3"><GO type="169" lobby="0"/><UN n0="%E7%81%AB%E9%9C%8A%E5%A4%A2" n1="%E9%AB%AA%E7%95%99%E3%82%81" n2="%41%6D%61%79%62%65" n3="%E7%9B%B4%E6%84%9F%E7%B2%BE%E8%AA%AD" dan="17,16,16,17" rate="2236.15,2061.19,2088.35,2132.11" sx="M,F,M,M"/><TAIKYOKU oya="0"/><INIT seed="0,0,0,5,2,83" ten="250,250,250,250" oya="0" hai0="70,91,69,108,107,109,67,8,131,105,61,51,38" hai1="15,80,90,119,62,1,125,121,78,6,106,60,111" hai2="76,32,81,98,16,103,52,21,18,92,110,37,73" hai3="122,14,55,50,5,42,0,97,116,93,63,23,112"/><T28/><D38/><U58/><E119/><V94/><F37/><W33/><G33/><T29/><D70/><U127/><E106/><V25/><F110/><N who="0" m="42602" /><D131/><U134/><E1/><V26/><F52/><W79/><G112/><T75/><D75/><U49/><E111/><V59/><F59/><N who="3" m="35327" /><G0/><T7/><D51/><U96/><E49/><V87/><F73/><W30/><G116/><T115/><D115/><U133/><E121/><V17/><REACH who="2" step="1"/><F94/><REACH who="2" ten="250,250,240,250" step="2"/><W13/><G50/><T102/><D107/><U82/><E58/><V10/><F10/><W34/><G122/><T132/><D132/><U31/><E60/><V74/><F74/><W24/><G93/><T104/><D104/><U124/><E62/><V39/><F39/><W99/><G42/><T46/><D105/><U117/><E133/><V40/><F40/><W101/><G34/><T27/><D46/><U41/><E41/><V100/><F100/><W72/><G101/><T68/><D102/><U95/><E134/><V35/><F35/><W11/><G72/><T12/><D69/><U113/><E113/><V88/><F88/><W86/><G11/><T2/><D91/><U22/><E90/><V54/><F54/><W43/><G43/><T130/><D130/><U118/><E95/><V9/><F9/><W65/><G65/><T77/><D2/><U48/><E48/><V64/><F64/><W85/><G23/><N who="0" m="15487" /><D77/><U45/><E78/><V126/><F126/><W47/><G79/><T123/><D123/><U128/><E125/><V71/><F71/><W84/><G47/><T89/><D89/><U20/><E127/><RYUUKYOKU ba="0,1" sc="250,15,250,-15,240,15,250,-15" hai0="7,8,12,29,61,67,68" hai2="16,17,18,21,25,26,32,76,81,87,92,98,103" /><INIT seed="0,1,1,3,0,90" ten="265,235,255,235" oya="0" hai0="63,128,123,118,92,1,72,43,59,16,117,96,5" hai1="120,28,26,44,115,11,73,98,7,113,102,106,31" hai2="17,48,70,37,55,105,33,50,38,67,2,51,47" hai3="74,36,29,62,46,30,122,4,32,133,71,77,107"/><T125/><D123/><U64/><E73/><V41/><F105/><W135/><G4/><T23/><D72/><U83/><E83/><V100/><F100/><W89/><G107/><T21/><D128/><U53/><E120/><V87/><F33/><W126/><G122/><T34/><D34/><U49/><E64/><V86/><F2/><W85/><G77/><T114/><D114/><U129/><E129/><V99/><F99/><W27/><G29/><T81/><D23/><U9/><E11/><V57/><F17/><W25/><G25/><T42/><D125/><U119/><E119/><V101/><F101/><W15/><G15/><T60/><D60/><U112/><REACH who="1" step="1"/><E26/><REACH who="1" ten="265,225,255,235" step="2"/><V116/><F116/><W121/><G74/><T65/><D117/><U18/><E18/><V132/><F67/><N who="3" m="41463" /><G121/><T93/><D118/><U54/><E54/><V13/><F55/><W0/><G126/><T61/><D81/><U22/><E22/><V75/><F75/><W110/><G32/><T130/><D130/><U52/><E52/><V80/><F80/><N who="3" m="49319" /><G27/><N who="0" m="14759" /><D5/><U39/><E39/><V111/><F37/><W82/><G30/><T66/><D1/><AGARI ba="1,2" hai="1,7,9,28,31,44,49,53,98,102,106,112,113,115" machi="1" ten="40,5200,0" yaku="1,1,11,1,53,1" doraHai="90" doraHaiUra="45" who="1" fromWho="0" sc="265,-55,225,75,255,0,235,0" /><INIT seed="1,0,0,0,2,21" ten="210,300,255,235" oya="1" hai0="36,48,114,66,13,59,29,25,95,135,23,34,81" hai1="70,47,18,50,90,89,68,130,116,58,43,106,45" hai2="117,62,104,2,69,60,84,102,109,124,28,0,67" hai3="3,131,44,5,63,65,134,51,129,46,56,93,57"/><U118/><E106/><V112/><F117/><W10/><G134/><T9/><D36/><U6/><E130/><N who="3" m="49674" /><G93/><T74/><D135/><U75/><E75/><V132/><F132/><W53/><AGARI ba="0,0" hai="3,5,10,44,46,51,53,56,57,63,65" m="49674" machi="53" ten="30,1100,0" yaku="19,1" doraHai="21" who="3" fromWho="3" sc="210,-3,300,-5,255,-3,235,11" /><INIT seed="2,0,0,0,0,63" ten="207,295,252,246" oya="2" hai0="49,81,128,61,62,75,108,97,17,101,12,100,13" hai1="0,131,3,104,33,77,102,56,44,65,39,98,124" hai2="116,24,105,35,93,99,135,73,41,59,130,16,117" hai3="82,37,21,53,90,1,14,7,69,95,42,94,6"/><V38/><F73/><W89/><G69/><T48/><D108/><U127/><E77/><V2/><F2/><W134/><G1/><T85/><D75/><U29/><E131/><V71/><F71/><W103/><G134/><T57/><D62/><N who="1" m="38087" /><E33/><V70/><F70/><W132/><G132/><T123/><D123/><U34/><E34/><V72/><F72/><W109/><G109/><T91/><D128/><U30/><E30/><V15/><F105/><W50/><G42/><T74/><D74/><U114/><E29/><V113/><F113/><W26/><G37/><T4/><D4/><N who="3" m="1577" /><G14/><T79/><D79/><U28/><E28/><V83/><F35/><W129/><G103/><T19/><D12/><U122/><E122/><V64/><F38/><W86/><G90/><T60/><D60/><U32/><E32/><V36/><F36/><W46/><G129/><T54/><D19/><AGARI ba="0,0" hai="19,21,26,46,50,53,82,86,89,94,95" m="1577" machi="19" ten="30,1000,0" yaku="8,1" doraHai="63" who="3" fromWho="0" sc="207,-10,295,0,252,0,246,10" /><INIT seed="3,0,0,5,4,120" ten="197,295,252,256" oya="3" hai0="86,95,134,116,30,83,90,36,71,24,125,100,22" hai1="50,65,4,108,64,41,44,48,70,31,34,87,99" hai2="55,101,17,130,5,123,74,79,81,21,47,15,25" hai3="94,60,93,73,46,1,67,112,29,28,2,111,59"/><W18/><G112/><T62/><D116/><U119/><E108/><V105/><F130/><W129/><G73/><T27/><D36/><U110/><E110/><V61/><F123/><W37/><G129/><T89/><D134/><U128/><E119/><V96/><F5/><W98/><G111/><T126/><D100/><U104/><E4/><V107/><F47/><W51/><G37/><T7/><D7/><U133/><E133/><V85/><F55/><W11/><G94/><T76/><D90/><U75/><E87/><V121/><F61/><W102/><G2/><T135/><D135/><U16/><E65/><V43/><F43/><W124/><G124/><T8/><D8/><U114/><E50/><V45/><F45/><W33/><G33/><T40/><D40/><U32/><E32/><V3/><F3/><W38/><G1/><T52/><D27/><U42/><E42/><V131/><F131/><W54/><REACH who="3" step="1"/><G38/><REACH who="3" ten="197,295,252,246" step="2"/><T19/><D126/><U118/><E75/><V58/><F74/><W103/><G103/><T39/><D39/><U109/><E109/><V88/><F101/><W49/><G49/><T66/><D125/><U113/><E48/><V0/><F0/><W57/><G57/><T63/><D62/><U20/><E113/><V132/><F58/><W13/><AGARI ba="0,1" hai="11,13,18,28,29,46,51,54,59,60,67,93,98,102" machi="13" ten="30,11700,0" yaku="1,1,0,1,8,1,53,1" doraHai="120" doraHaiUra="97" who="3" fromWho="3" sc="197,-39,295,-39,252,-39,246,127" /><INIT seed="3,1,0,3,1,105" ten="158,256,213,373" oya="3" hai0="59,123,111,125,22,3,90,36,134,64,28,78,30" hai1="51,16,8,15,83,126,53,98,46,81,23,74,47" hai2="73,92,101,79,2,103,127,24,104,113,11,84,93" hai3="82,68,135,54,25,77,13,87,117,31,21,107,130"/><W69/><G117/><T95/><D123/><U119/><E126/><V48/><F113/><W7/><G107/><T43/><D125/><U131/><E131/><V72/><F127/><W6/><G130/><T17/><D3/><U19/><E119/><V120/><F24/><W57/><G135/><T116/><D134/><U20/><E20/><V67/><F67/><W5/><REACH who="3" step="1"/><G13/><REACH who="3" ten="158,256,213,363" step="2"/><T86/><D116/><U18/><E15/><V133/><F104/><W132/><G132/><T45/><D111/><U4/><E8/><V109/><F11/><W80/><G80/><T32/><D32/><U85/><E81/><V35/><F35/><W124/><G124/><T55/><D95/><U121/><E83/><V14/><F14/><W39/><G39/><T58/><D36/><U52/><E121/><V49/><F120/><W102/><G102/><T115/><D115/><U96/><E46/><V9/><F9/><W110/><G110/><T27/><D45/><U34/><E47/><V37/><F37/><W26/><G26/><T12/><D27/><U106/><E106/><V75/><F133/><W56/><G56/><T1/><D58/><U40/><E34/><V61/><F109/><W89/><G89/><T99/><D90/><U94/><E94/><V76/><F93/><W0/><G0/><T70/><D59/><U91/><E91/><N who="2" m="53351" /><F2/><W114/><G114/><T65/><D12/><U42/><E23/><V50/><F103/><W128/><G128/><T10/><D22/><U41/><E51/><AGARI ba="1,1" hai="5,6,7,21,25,31,51,54,57,68,69,77,82,87" machi="51" ten="40,2000,0" yaku="1,1,53,0" doraHai="105" doraHaiUra="118" who="3" fromWho="1" sc="158,0,256,-23,213,0,363,33" /><INIT seed="3,2,0,5,5,107" ten="158,233,213,396" oya="3" hai0="70,48,133,86,23,115,83,46,125,113,118,25,53" hai1="90,95,119,31,32,13,12,114,54,5,45,85,77" hai2="7,65,51,39,33,18,6,58,57,24,75,76,27" hai3="62,116,8,3,66,59,4,89,109,73,74,94,34"/><W69/><G116/><T42/><D118/><U19/><E119/><V127/><F39/><W129/><G34/><T16/><D133/><U0/><E114/><V55/><F127/><W79/><G129/><T110/><D125/><U11/><E32/><V103/><F103/><W63/><G109/><T134/><D134/><U112/><E31/><V84/><F84/><W80/><G74/><T35/><D110/><U38/><E112/><V68/><F68/><W15/><G3/><T93/><D70/><U105/><E105/><V9/><F18/><W36/><G36/><T1/><D1/><U60/><E60/><V108/><F108/><W102/><G102/><T72/><D35/><U81/><E19/><V21/><F21/><W96/><REACH who="3" step="1"/><G62/><REACH who="3" ten="158,233,213,386" step="2"/><T71/><D115/><U47/><E38/><V41/><F75/><W97/><G97/><T131/><D131/><U121/><E121/><V22/><F33/><W91/><G91/><T132/><D132/><U135/><E135/><V20/><F76/><W26/><G26/><T29/><D72/><U28/><E0/><V14/><F27/><W10/><G10/><T120/><D113/><U100/><E100/><V124/><F24/><W2/><G2/><T17/><D120/><U82/><E11/><V50/><F9/><W98/><G98/><T44/><D71/><AGARI ba="2,1" hai="4,8,15,59,63,66,69,71,73,79,80,89,94,96" machi="71" ten="40,3900,0" yaku="1,1,52,1,53,0" doraHai="107" doraHaiUra="130" who="3" fromWho="0" sc="158,-45,233,0,213,0,386,55" /><INIT seed="3,3,0,2,0,119" ten="113,233,213,441" oya="3" hai0="41,45,60,29,6,100,107,111,82,91,101,72,15" hai1="25,70,26,105,21,11,108,0,89,121,81,43,9" hai2="67,57,17,93,14,66,130,115,31,84,102,79,98" hai3="69,80,88,125,83,75,134,77,50,120,8,78,30"/><W46/><G120/><T2/><D107/><U32/><E121/><V71/><F115/><W39/><G134/><T65/><D111/><U113/><E108/><V36/><F130/><W104/><G125/><T76/><D15/><U3/><E70/><V110/><F36/><W94/><G104/><T131/><D29/><U24/><E43/><V51/><F71/><W54/><G69/><T61/><D91/><U10/><E113/><V58/><F31/><W87/><G30/><T86/><D131/><U27/><E105/><V48/><F58/><W106/><G106/><T52/><D86/><U90/><E81/><N who="2" m="47167" /><F110/><W73/><G8/><N who="0" m="2135" /><D61/><U118/><E118/><V38/><F38/><AGARI ba="3,0" hai="38,39,46,50,54,73,75,77,78,80,83,87,88,94" machi="38" ten="40,3900,0" yaku="9,1,54,1" doraHai="119" who="3" fromWho="2" sc="113,0,233,0,213,-48,441,48" /><INIT seed="3,4,0,0,0,13" ten="113,233,165,489" oya="3" hai0="101,112,89,47,57,93,102,129,18,19,30,48,113" hai1="100,73,31,37,77,86,0,2,70,94,53,109,78" hai2="74,91,75,76,110,83,39,22,14,90,44,9,51" hai3="106,1,50,124,12,49,84,115,66,87,59,125,82"/><W135/><G1/><T26/><D129/><U128/><E53/><V97/><F110/><W104/><G115/><N who="0" m="44107" /><D57/><U80/><E31/><V85/><F39/><W16/><G135/><T62/><D62/><U108/><E70/><V8/><F22/><N who="3" m="11527" /><G66/><T114/><N who="0" m="44115" /><T15/><DORA hai="121" /><D15/><U96/><E37/><V11/><F75/><W60/><G87/><N who="0" m="52415" /><D101/><U119/><E128/><V64/><F64/><N who="3" m="38943" /><G49/><T56/><D102/><U23/><E119/><V55/><F74/><W98/><G50/><T130/><D56/><U92/><E0/><V41/><F41/><W34/><G98/><T81/><D81/><N who="1" m="45231" /><E2/><V103/><F14/><W127/><G34/><N who="0" m="20823" /><D130/><U95/><E23/><V54/><REACH who="2" step="1"/><F55/><AGARI ba="4,0" hai="18,19,47,48,55" m="20823,52415,44115" machi="55" ten="40,5200,0" yaku="11,1,52,2" doraHai="13,121" who="0" fromWho="2" sc="113,64,233,0,165,-64,489,0" /><INIT seed="4,0,0,4,5,66" ten="177,233,101,489" oya="0" hai0="132,29,95,16,15,49,8,54,53,61,83,128,11" hai1="107,39,110,129,113,103,121,96,98,52,5,23,68" hai2="4,37,70,120,89,55,112,13,3,87,86,64,57" hai3="92,109,135,94,118,1,63,2,22,44,31,75,33"/><T47/><D128/><U79/><E110/><V115/><F37/><W7/><G75/><T0/><D132/><U65/><E39/><V59/><F120/><W85/><G31/><T62/><D29/><U56/><E121/><V45/><F3/><W84/><G33/><T51/><D95/><U100/><E79/><V25/><F25/><W43/><G22/><T35/><D35/><U73/><E73/><V108/><F108/><W99/><G85/><T41/><D41/><U116/><E116/><V34/><F34/><W9/><G94/><T82/><D8/><U102/><E5/><V40/><F4/><W77/><G1/><T14/><D14/><U80/><E80/><N who="0" m="30761" /><D0/><U125/><E129/><V21/><F13/><W134/><G84/><T106/><D106/><U60/><E113/><N who="2" m="43595" /><F21/><W48/><G109/><T10/><D10/><U131/><E131/><V32/><F32/><W105/><G105/><T78/><D78/><U114/><E114/><V124/><F87/><W123/><G77/><T28/><D28/><U122/><E122/><V19/><F86/><W71/><G118/><T117/><D117/><U12/><E107/><V30/><F30/><W46/><G123/><T126/><D126/><U26/><E125/><V74/><F124/><W24/><G24/><T97/><D97/><U119/><E119/><V81/><F74/><W111/><G111/><T104/><D104/><U20/><E20/><V130/><F130/><W18/><G99/><T27/><D27/><U88/><E26/><V72/><F72/><W38/><G2/><T17/><D17/><N who="1" m="10663" /><E88/><V36/><F89/><RYUUKYOKU ba="0,0" sc="177,15,233,15,101,-15,489,-15" hai0="11,15,16,47,49,51,53,54,61,62" hai1="52,56,60,65,68,96,98,100,102,103" /><INIT seed="4,1,0,3,4,45" ten="192,248,86,474" oya="0" hai0="10,29,67,121,97,59,17,131,23,39,81,105,95" hai1="63,118,88,9,119,64,25,130,57,32,75,36,11" hai2="91,92,34,120,109,42,90,53,85,125,26,133,48" hai3="87,31,50,44,100,107,123,115,99,72,76,74,68"/><T89/><D121/><U22/><E75/><V73/><F120/><W117/><G123/><T24/><D131/><U62/><E36/><V7/><F109/><W14/><G68/><T93/><D105/><U126/><E126/><V8/><F125/><W33/><G117/><T71/><D71/><U37/><E37/><V80/><F133/><W1/><G1/><T27/><D39/><U21/><E32/><V56/><F26/><W20/><G33/><T3/><D3/><U5/><E9/><V101/><F34/><W78/><G115/><T6/><D81/><U49/><E22/><V110/><F110/><W79/><G87/><T106/><D106/><U38/><E38/><V84/><F101/><W46/><G46/><T18/><D24/><U116/><E64/><V128/><F128/><W77/><G77/><T103/><D10/><U134/><E134/><V82/><F73/><W83/><G74/><T127/><D6/><U16/><E130/><V58/><F92/><W40/><G31/><T122/><D122/><U70/><E70/><V132/><F132/><W0/><G0/><T98/><REACH who="0" step="1"/><D127/><REACH who="0" ten="182,248,86,474" step="2"/><U30/><E5/><V113/><F113/><W61/><G72/><T19/><D19/><U96/><E118/><V129/><F129/><W51/><G83/><T114/><D114/><U102/><E119/><V86/><F7/><W55/><G107/><T108/><D108/><U135/><E135/><V28/><F8/><W15/><G15/><T43/><D43/><U35/><E11/><V4/><F42/><W47/><G40/><T104/><D104/><U124/><E116/><RYUUKYOKU ba="1,1" sc="182,30,248,-10,86,-10,474,-10" hai0="17,18,23,27,29,59,67,89,93,95,97,98,103" /><INIT seed="4,2,1,4,3,15" ten="212,238,76,464" oya="0" hai0="9,7,57,45,36,53,37,55,91,56,123,110,39" hai1="88,59,22,115,65,32,95,11,75,49,4,104,81" hai2="97,13,122,121,50,130,29,84,5,92,117,83,35" hai3="25,60,72,12,1,34,23,17,58,70,132,8,107"/><T63/><D123/><U126/><E32/><V105/><F105/><W62/><G72/><T24/><D110/><U31/><E104/><V131/><F35/><W79/><G79/><T101/><D101/><U6/><E126/><V124/><F29/><W28/><G132/><T99/><D24/><U89/><E75/><V103/><F50/><W125/><G125/><T133/><D133/><U118/><E81/><V43/><F43/><W119/><G119/><T108/><D108/><U94/><E115/><V111/><F111/><W10/><G107/><T18/><D99/><U52/><E65/><V68/><F68/><W77/><G77/><T67/><D91/><U42/><E42/><V113/><F124/><W71/><G10/><T51/><D18/><U3/><E3/><V40/><F40/><W73/><G73/><T127/><D127/><U46/><E46/><V114/><F13/><W98/><G98/><T30/><D30/><U21/><E11/><V19/><F19/><W96/><G96/><T109/><D109/><U2/><E2/><V41/><F41/><W134/><G134/><T66/><REACH who="0" step="1"/><D45/><REACH who="0" ten="202,238,76,464" step="2"/><U87/><E118/><V14/><F117/><W112/><G28/><T61/><D61/><U80/><E31/><V106/><F106/><W69/><G25/><T78/><D78/><U116/><E116/><V135/><F135/><W33/><G62/><T38/><N who="0" m="9216" /><DORA hai="54" /><T102/><D102/><U76/><E76/><N who="2" m="46183" /><F5/><N who="1" m="2153" /><E89/><V20/><F121/><W26/><G33/><T90/><D90/><U64/><E64/><V82/><F122/><W27/><G34/><T85/><D85/><RYUUKYOKU ba="2,2" sc="202,15,238,15,76,-15,464,-15" hai0="7,9,51,53,55,56,57,63,66,67" hai1="21,22,49,52,59,80,87,88,94,95" /><INIT seed="4,3,2,3,3,15" ten="217,253,61,449" oya="0" hai0="111,3,89,96,37,63,66,52,40,1,4,0,35" hai1="41,33,116,38,76,45,54,88,27,126,28,124,50" hai2="125,47,98,123,34,115,59,7,60,14,30,77,101" hai3="100,122,2,62,107,117,105,56,108,135,95,25,58"/><T8/><D35/><U106/><E106/><V55/><F123/><W86/><G2/><T31/><D31/><U6/><E6/><V114/><F125/><W64/><G117/><T103/><D111/><U10/><E10/><V133/><F133/><W113/><G108/><T75/><D75/><U131/><E76/><V48/><F77/><W57/><G135/><T43/><D89/><U12/><E12/><V119/><F119/><W127/><G127/><N who="1" m="48682" /><E88/><V128/><F128/><W97/><G113/><N who="2" m="43017" /><F30/><W5/><G122/><T39/><D39/><U121/><E121/><V130/><F130/><W118/><G5/><T44/><D40/><U83/><E83/><V17/><F34/><W69/><G118/><T70/><REACH who="0" step="1"/><D52/><REACH who="0" ten="207,253,61,449" step="2"/><U9/><E116/><V92/><F7/><W91/><REACH who="3" step="1"/><G25/><REACH who="3" ten="207,253,61,439" step="2"/><T129/><D129/><U85/><E131/><V84/><F14/><W90/><G90/><T16/><D16/><U78/><E27/><V109/><F17/><W20/><G20/><T18/><D18/><U61/><E33/><V94/><F109/><W53/><G53/><T65/><D65/><U42/><E54/><V74/><F55/><W112/><G112/><T102/><D102/><U51/><E28/><V81/><F101/><W49/><G49/><T79/><D79/><U82/><E51/><V68/><F48/><W80/><AGARI ba="3,4" hai="56,57,58,62,64,69,80,86,91,95,97,100,105,107" machi="80" ten="30,2000,0" yaku="1,1,0,1,53,0" doraHai="15" doraHaiUra="23" who="3" fromWho="3" sc="207,-13,253,-8,61,-8,439,69" /><INIT seed="5,0,0,4,0,0" ten="194,245,53,508" oya="1" hai0="125,12,124,105,106,96,94,55,60,81,102,57,69" hai1="24,51,45,72,104,46,67,21,22,89,18,114,10" hai2="123,129,127,48,19,110,83,14,37,91,13,78,53" hai3="25,117,65,84,26,75,135,90,100,3,59,7,27"/><U115/><E104/><V103/><F110/><W11/><G75/><T122/><D69/><U43/><E72/><V30/><F37/><W112/><G100/><T70/><D70/><U8/><E67/><V29/><F123/><W113/><G135/><T17/><D122/><U101/><E101/><V120/><F120/><W111/><G111/><T9/><REACH who="0" step="1"/><D81/><REACH who="0" ten="184,245,53,508" step="2"/><U20/><E114/><V6/><F83/><W49/><G113/><T39/><D39/><U32/><E115/><V73/><F129/><W108/><G112/><T93/><D93/><U130/><E130/><V56/><F127/><AGARI ba="0,1" hai="9,12,17,55,57,60,94,96,102,105,106,124,125,127" machi="127" ten="40,5200,0" yaku="1,1,18,1,53,1" doraHai="0" doraHaiUra="52" who="0" fromWho="2" sc="184,62,245,0,53,-52,508,0" /><INIT seed="6,0,0,2,4,110" ten="246,245,1,508" oya="2" hai0="38,18,96,67,118,22,99,106,70,112,51,88,21" hai1="103,55,36,78,124,119,24,69,29,19,30,66,100" hai2="111,130,41,60,116,58,108,92,13,50,79,89,101" hai3="131,97,14,71,117,52,59,57,90,102,76,31,35"/><V74/><F116/><W15/><G71/><T83/><D38/><U56/><E119/><V5/><F130/><W53/><G117/><T134/><D118/><U86/><E36/><V44/><F101/><W7/><G76/><T77/><D134/><U64/><E124/><V68/><F68/><W17/><G131/><T37/><D37/><U120/><E120/><V109/><F79/><W3/><G3/><T87/><D70/><U48/><E19/><V4/><F13/><W80/><G35/><T115/><D67/><U23/><E30/><V43/><F43/><W47/><G31/><T75/><D51/><U129/><E129/><V107/><F107/><W1/><G1/><T125/><D125/><U11/><E11/><V54/><F74/><W93/><G47/><T34/><D34/><U40/><E40/><V28/><F28/><W84/><G7/><T32/><D32/><U73/><E73/><V91/><F91/><W123/><G123/><T133/><D22/><U135/><E135/><V104/><F104/><W82/><G82/><T94/><D133/><U6/><E6/><V85/><AGARI ba="0,0" hai="4,5,41,44,50,54,58,60,85,89,92,108,109,111" machi="85" ten="30,3000,0" yaku="0,1,10,1" doraHai="110" who="2" fromWho="2" sc="246,-10,245,-10,1,30,508,-10" /><INIT seed="6,1,0,4,0,96" ten="236,235,31,498" oya="2" hai0="31,134,65,108,22,111,45,131,75,50,132,117,23" hai1="28,76,44,58,85,77,72,118,130,83,63,6,94" hai2="51,60,122,15,61,79,42,99,21,29,20,48,16" hai3="88,13,110,66,10,26,12,33,40,39,1,104,11"/><V30/><F122/><W98/><G110/><N who="0" m="42027" /><D75/><U37/><E130/><V27/><F79/><W4/><G66/><T95/><D131/><U93/><E118/><V89/><F30/><W46/><G26/><T119/><D65/><U54/><E6/><V92/><REACH who="2" step="1"/><F42/><REACH who="2" ten="236,235,21,498" step="2"/><W8/><G40/><N who="0" m="24871" /><D31/><U128/><E128/><V55/><F55/><W56/><G33/><T133/><D117/><U97/><E76/><V125/><F125/><W18/><G1/><T120/><D119/><U47/><E28/><V129/><F129/><W73/><G73/><T43/><D120/><U116/><E116/><V34/><F34/><W17/><G17/><T2/><D43/><U19/><E72/><V41/><F41/><W114/><G18/><T5/><D5/><U69/><E19/><V57/><F57/><W121/><G56/><T59/><D59/><U102/><E69/><V68/><F68/><W124/><G4/><T62/><D2/><U7/><E7/><V49/><AGARI ba="1,1" hai="15,16,20,21,27,29,48,49,51,60,61,89,92,99" machi="49" ten="30,11700,0" yaku="1,1,0,1,8,1,54,1,53,0" doraHai="96" doraHaiUra="109" who="2" fromWho="2" sc="236,-40,235,-40,21,130,498,-40" /><INIT seed="6,2,0,2,1,15" ten="196,195,151,458" oya="2" hai0="60,86,58,129,94,26,135,73,10,119,121,22,93" hai1="39,45,64,90,0,36,2,41,3,28,49,102,4" hai2="50,113,61,56,124,54,87,104,76,44,83,84,1" hai3="101,99,111,63,72,62,29,8,105,103,31,91,12"/><V133/><F113/><W9/><G72/><T82/><D73/><U92/><E4/><V37/><F133/><W34/><G111/><T17/><D121/><U24/><E102/><V109/><F109/><W106/><G91/><N who="0" m="51671" /><D135/><U77/><E77/><V114/><F114/><W18/><G34/><T13/><D129/><U89/><E89/><V118/><F118/><W7/><G62/><T85/><D85/><U68/><E64/><V52/><F124/><W130/><G130/><T42/><D42/><U43/><E68/><V132/><F132/><W131/><G63/><T117/><D117/><U112/><E112/><V59/><F1/><W97/><G131/><T19/><D119/><U40/><E40/><V66/><F104/><W35/><G35/><T65/><AGARI ba="2,0" hai="10,13,17,19,22,26,58,60,65,93,94" m="51671" machi="65" ten="30,4000,0" yaku="8,1,52,2" doraHai="15" who="0" fromWho="0" sc="196,46,195,-12,151,-22,458,-12" /><INIT seed="7,0,0,3,0,112" ten="242,183,129,446" oya="3" hai0="51,91,122,17,132,27,77,5,123,7,45,28,40" hai1="21,125,105,47,81,127,85,84,121,86,20,82,22" hai2="98,18,10,56,71,0,2,50,8,54,48,58,83" hai3="4,128,116,41,46,38,42,53,106,118,35,64,93"/><W6/><G106/><T97/><D77/><U25/><E121/><V68/><F83/><N who="1" m="31753" /><E105/><V80/><F80/><W74/><G74/><T110/><D110/><U66/><E66/><V109/><F98/><W23/><G35/><T31/><D123/><U90/><E90/><V55/><REACH who="2" step="1"/><F18/><REACH who="2" ten="242,183,119,446" step="2"/><W1/><G93/><T3/><D97/><U16/><E47/><V130/><F130/><W78/><G128/><T96/><D45/><U12/><E25/><V95/><F95/><W104/><G46/><T15/><D27/><U108/><E108/><AGARI ba="0,1" hai="0,2,8,10,48,50,54,55,56,58,68,71,108,109" machi="108" ten="25,3200,0" yaku="1,1,22,2,53,0" doraHai="112" doraHaiUra="99" who="2" fromWho="1" sc="242,0,183,-32,119,42,446,0" owari="242,4.0,151,-35.0,161,-24.0,446,55.0" /></mjloggm>