<mjloggm ver="2.3"><GO type="169" lobby="0"/><UN n0="%E3%83%AB%E3%82%A2%E3%82%B4%E3%82%A4%E3%83%95" n1="%73%75%7A%75%6D%65%33" n2="%6C%65%6F%31%36%30" n3="%E7%88%86%E7%89%8C%E3%82%A6%E3%82%B7%E3%82%B8%E3%83%9E%E3%81%8F%E3%82%93" dan="16,17,17,16" rate="2101.39,2139.73,2151.26,2114.39" sx="M,M,M,M"/><TAIKYOKU oya="0"/><INIT seed="0,0,0,2,0,12" ten="250,250,250,250" oya="0" hai0="132,77,43,32,48,98,54,109,91,82,22,26,56" hai1="73,41,23,84,106,87,46,81,33,59,118,78,50" hai2="124,69,5,80,60,44,75,120,83,115,117,107,61" hai3="74,129,7,108,66,104,63,101,119,30,93,67,127"/><T0/><D132/><U131/><E118/><V121/><F115/><W35/><G119/><T86/><D0/><U11/><E33/><V85/><F117/><W40/><G74/><T57/><D32/><U72/><E106/><V27/><F107/><W62/><G40/><T45/><D109/><U90/><E131/><V88/><F124/><W126/><G7/><T1/><D1/><U79/><E79/><V100/><F100/><W17/><G35/><T34/><D34/><U38/><E11/><V113/><F113/><W89/><G30/><T53/><D56/><U96/><E96/><V105/><F105/><W51/><G104/><T55/><D98/><U71/><E71/><V94/><F5/><W103/><G51/><T122/><D122/><U97/><E97/><V133/><F133/><W65/><G108/><T8/><D8/><U3/><E3/><V128/><F128/><W37/><G37/><T125/><D125/><N who="3" m="47625" /><G129/><T42/><D42/><U6/><E6/><V135/><F135/><W13/><G103/><T49/><REACH who="0" step="1"/><D77/><REACH who="0" ten="240,250,250,250" step="2"/><U110/><E110/><V18/><F121/><W134/><G134/><T116/><D116/><U21/><E59/><V28/><F120/><W92/><G101/><T114/><D114/><U112/><E112/><V10/><F10/><N who="3" m="6327" /><G89/><T64/><D64/><U24/><E90/><V16/><F88/><W39/><G67/><T76/><D76/><U95/><E78/><V58/><F58/><W36/><G66/><T19/><AGARI ba="0,1" hai="19,22,26,43,45,48,49,53,54,55,57,82,86,91" machi="19" ten="20,12000,1" yaku="1,1,0,1,7,1,8,1,52,1,53,0" doraHai="12" doraHaiUra="2" who="0" fromWho="0" sc="240,130,250,-40,250,-40,250,-40" /><INIT seed="0,1,0,1,5,120" ten="370,210,210,210" oya="0" hai0="75,101,105,10,39,81,5,52,99,98,25,22,12" hai1="95,109,34,94,43,68,6,121,70,130,119,60,24" hai2="78,126,1,2,76,65,110,92,104,28,35,50,38" hai3="93,67,124,15,72,64,71,53,45,108,59,123,118"/><T30/><D39/><U125/><E121/><V13/><F38/><W100/><G123/><T84/><D75/><U122/><E122/><V3/><F104/><W96/><G72/><T0/><D105/><U56/><E119/><V58/><F126/><W73/><G73/><T131/><D131/><U9/><E125/><V4/><F92/><W62/><G118/><T8/><D101/><U87/><E43/><V14/><F50/><W88/><G124/><T89/><REACH who="0" step="1"/><D52/><REACH who="0" ten="360,210,210,210" step="2"/><U19/><E130/><V133/><F133/><W47/><G100/><T11/><D11/><U85/><E9/><V114/><F114/><W111/><G47/><T115/><D115/><U113/><E113/><V135/><F135/><W61/><G45/><T7/><AGARI ba="1,1" hai="0,5,7,8,10,12,22,25,30,81,84,89,98,99" machi="7" ten="20,3900,0" yaku="1,1,0,1,7,1,53,0" doraHai="120" doraHaiUra="46" who="0" fromWho="0" sc="360,52,210,-14,210,-14,210,-14" /><INIT seed="0,2,0,2,1,117" ten="412,196,196,196" oya="0" hai0="97,16,31,23,109,10,19,34,5,65,81,111,1" hai1="56,127,53,48,124,116,119,101,27,21,73,42,33" hai2="90,108,4,68,20,134,51,36,88,79,15,40,89" hai3="74,135,131,17,44,100,67,105,28,125,3,71,8"/><T13/><D65/><U106/><E33/><V43/><F108/><N who="0" m="41546" /><D97/><N who="1" m="61743" /><E42/><V133/><F68/><W41/><G28/><T39/><D39/><U118/><E73/><V95/><F36/><W45/><G17/><N who="0" m="10671" /><D81/><U129/><E129/><V77/><F95/><W128/><G67/><T24/><AGARI ba="2,0" hai="1,5,10,16,19,24,31,34" m="10671,41546" machi="24" ten="30,18000,2" yaku="24,1,14,1,10,1,34,2,54,1" doraHai="117" who="0" fromWho="0" sc="412,186,196,-62,196,-62,196,-62" /><INIT seed="0,3,0,4,2,89" ten="598,134,134,134" oya="0" hai0="60,66,30,22,55,101,73,93,127,75,135,85,128" hai1="40,125,112,133,100,57,58,81,32,91,77,109,13" hai2="16,52,49,71,43,23,87,86,62,92,24,31,51" hai3="46,50,105,70,45,90,7,115,47,37,107,63,59"/><T122/><D122/><U41/><E32/><V19/><F43/><W35/><G35/><T121/><D121/><U10/><E112/><V111/><F111/><W104/><G115/><T69/><D135/><U84/><E109/><V0/><F0/><W118/><G118/><T5/><D128/><U103/><E133/><V34/><F71/><W134/><G134/><T20/><D127/><U38/><E125/><V3/><F3/><W25/><G25/><T2/><D55/><U18/><E77/><V21/><F34/><W53/><G7/><T131/><D131/><U108/><E108/><V36/><F36/><W76/><G76/><T48/><D48/><U8/><E8/><V99/><F62/><W102/><G102/><N who="1" m="38954" /><E38/><V29/><F51/><W113/><G113/><T14/><D2/><U65/><E58/><N who="2" m="33039" /><F31/><W124/><G124/><T116/><D116/><U39/><E39/><V6/><F6/><W129/><G129/><T114/><D5/><U44/><E44/><V42/><F42/><W88/><REACH who="3" step="1"/><G37/><REACH who="3" ten="598,134,134,124" step="2"/><T110/><D114/><U80/><E41/><V95/><F29/><W83/><G83/><T98/><D110/><U96/><E40/><V132/><F132/><W120/><G120/><T126/><D126/><U15/><E81/><V130/><F130/><W17/><G17/><T33/><D33/><U117/><E80/><V9/><F9/><W27/><G27/><T72/><D30/><U56/><E10/><V82/><F82/><W26/><G26/><T4/><D73/><U79/><E18/><V12/><F92/><W97/><G97/><T74/><D98/><RYUUKYOKU ba="3,1" sc="598,-15,134,-15,134,15,124,15" hai2="12,16,19,21,23,24,86,87,95,99" hai3="45,46,47,50,53,59,63,70,88,90,104,105,107" /><INIT seed="1,4,1,1,4,107" ten="583,119,149,139" oya="1" hai0="61,111,42,85,80,73,89,81,108,124,101,16,69" hai1="119,7,106,87,64,19,24,33,4,102,76,75,47" hai2="127,84,54,22,133,120,67,34,112,93,134,92,37" hai3="104,9,56,66,3,63,77,17,74,48,128,51,99"/><U28/><E119/><V131/><F34/><W32/><G32/><T109/><D42/><U82/><E47/><V52/><F120/><W38/><G38/><T91/><D69/><U113/><E113/><V83/><F112/><W117/><G117/><T72/><D61/><U14/><E64/><V1/><F1/><W18/><G128/><T59/><D59/><U55/><E55/><N who="2" m="21035" /><F37/><W70/><G104/><T13/><D124/><U39/><E39/><V90/><F131/><W53/><G99/><T65/><D65/><U40/><E40/><V35/><F35/><W8/><G51/><T5/><D5/><U97/><REACH who="1" step="1"/><E87/><REACH who="1" ten="583,109,149,139" step="2"/><V30/><F67/><W20/><G66/><T58/><D109/><U46/><E46/><V110/><F110/><W60/><G53/><T94/><D108/><U43/><E43/><V96/><F127/><W25/><G63/><T29/><D111/><U36/><E36/><V26/><F96/><W10/><G60/><T44/><D44/><U15/><E15/><V100/><F84/><W98/><G98/><T57/><D85/><U78/><E78/><V11/><F134/><W79/><G79/><T123/><D13/><U130/><E130/><V23/><F133/><W132/><G77/><T2/><D2/><U126/><E126/><V41/><F41/><W103/><G3/><T88/><D123/><U86/><E86/><V95/><F83/><W21/><G132/><T50/><D81/><U71/><E71/><V12/><F12/><W129/><G70/><T105/><D80/><U31/><E31/><V68/><F68/><W135/><G129/><RYUUKYOKU ba="4,2" sc="583,-10,109,30,149,-10,139,-10" hai1="4,7,14,19,24,28,33,75,76,82,97,102,106" /><INIT seed="1,5,2,4,1,6" ten="573,139,139,129" oya="1" hai0="80,25,57,105,31,68,4,2,45,131,112,78,127" hai1="122,33,36,21,96,83,133,75,3,50,115,116,14" hai2="47,126,54,53,7,66,63,29,101,39,88,0,85" hai3="22,95,108,125,23,56,117,64,40,27,69,60,62"/><U52/><E122/><V5/><F126/><W89/><G125/><T32/><D127/><U55/><E116/><V12/><F101/><W100/><G117/><T48/><D112/><U18/><E115/><V20/><F0/><W103/><G108/><T44/><D68/><U73/><E36/><V94/><F39/><W90/><G40/><T109/><D105/><U92/><E33/><V81/><F94/><W24/><G69/><T106/><D106/><U41/><E133/><V121/><F121/><W123/><G123/><T9/><D109/><U77/><E3/><V130/><F130/><W119/><G119/><T128/><D128/><U102/><REACH who="1" step="1"/><E75/><REACH who="1" ten="573,129,139,129" step="2"/><V26/><F47/><AGARI ba="5,3" hai="14,18,21,41,47,50,52,55,73,77,83,92,96,102" machi="47" ten="40,12000,1" yaku="1,1,2,1,54,1,53,2" doraHai="6" doraHaiUra="51" who="1" fromWho="2" sc="573,0,129,165,139,-135,129,0" /><INIT seed="1,6,0,2,0,9" ten="573,294,4,129" oya="1" hai0="124,78,82,20,47,66,85,108,97,43,5,27,1" hai1="40,118,131,19,3,42,134,75,121,28,15,53,125" hai2="120,86,135,73,129,117,84,112,16,0,38,12,113" hai3="61,105,34,54,44,96,17,80,50,32,90,76,111"/><U106/><E121/><V110/><F117/><W55/><G111/><T64/><D108/><U59/><E118/><V2/><F110/><W103/><G90/><T7/><D124/><U33/><E106/><V51/><F38/><W93/><G105/><T92/><D1/><N who="2" m="618" /><F73/><W25/><G25/><T58/><D5/><U49/><E75/><V130/><F51/><W4/><G4/><T63/><D7/><U60/><E3/><V24/><F24/><W11/><G61/><T62/><D62/><U39/><E125/><V48/><F48/><W6/><G6/><T109/><D109/><U35/><E39/><V68/><F68/><W102/><G102/><N who="0" m="60711" /><D47/><U72/><E72/><V65/><F65/><W30/><G44/><T57/><D57/><U77/><E35/><V127/><F120/><W36/><G32/><T67/><D43/><U8/><E60/><V114/><F127/><W133/><G36/><T95/><D95/><U41/><E33/><V79/><F135/><W26/><G50/><T23/><D23/><U122/><E134/><V99/><F99/><W101/><G133/><T29/><AGARI ba="6,0" hai="20,27,29,58,63,64,66,67,78,82,85" m="60711" machi="29" ten="30,2000,0" yaku="25,1,8,1" doraHai="9" who="0" fromWho="0" sc="573,38,294,-16,4,-11,129,-11" owari="611,71.0,278,8.0,-7,-51.0,118,-28.0" /></mjloggm>