<mjloggm ver="2.3"><GO type="169" lobby="0"/><UN n0="%73%75%7A%75%6D%65%33" n1="%E6%98%8E%E6%97%A5%E3%81%AE%E3%82%86%E3%81%8F%E3%81%88" n2="%72%65%6E%6A%69%38%33" n3="%7A%65%52%6F" dan="17,16,17,17" rate="2143.71,2148.71,2200.23,2206.99" sx="M,F,M,M"/><TAIKYOKU oya="0"/><INIT seed="0,0,0,1,3,79" ten="250,250,250,250" oya="0" hai0="126,72,16,112,23,100,14,104,106,58,66,91,18" hai1="62,74,2,12,115,96,125,131,123,44,101,34,41" hai2="105,31,49,78,77,10,56,111,76,36,118,67,89" hai3="71,22,85,59,55,33,97,117,93,86,113,54,64"/><T73/><D112/><U25/><E123/><V90/><F111/><W133/><G117/><T53/><D126/><U43/><E2/><V124/><F124/><W88/><G33/><T19/><D66/><U9/><E125/><V47/><F118/><W103/><G133/><T45/><D45/><U27/><E115/><V121/><F121/><W32/><G32/><T102/><D106/><U37/><E131/><V98/><F36/><W29/><G71/><T30/><D104/><U116/><E116/><V99/><F31/><W21/><G86/><T69/><D69/><U48/><E74/><V130/><F130/><W132/><G132/><T5/><D73/><U57/><E34/><V52/><F10/><W65/><G55/><T35/><D72/><U87/><E41/><V107/><F107/><W81/><G113/><T50/><D91/><N who="2" m="34826" /><F105/><W134/><G134/><T135/><D135/><U26/><E37/><V51/><F67/><N who="3" m="25675" /><G29/><T110/><D110/><U82/><E62/><AGARI ba="0,0" hai="21,22,54,59,62,81,85,88,93,97,103" m="25675" machi="62" ten="30,3900,0" yaku="8,1,52,1,54,1" doraHai="79" who="3" fromWho="1" sc="250,0,250,-39,250,0,250,39" /><INIT seed="1,0,0,4,5,35" ten="250,211,250,289" oya="1" hai0="56,55,127,18,22,86,77,9,133,17,73,107,124" hai1="91,45,46,85,37,122,26,68,0,36,115,129,75" hai2="81,71,79,83,30,78,84,27,59,101,118,130,132" hai3="70,74,126,108,106,99,64,103,39,19,60,15,92"/><U44/><E115/><V65/><F130/><W20/><G108/><T16/><D73/><U66/><E122/><V25/><F132/><W12/><G126/><N who="0" m="48171" /><D107/><U52/><E75/><V69/><F118/><W67/><G74/><T41/><D41/><U8/><E129/><V131/><F131/><W14/><G39/><T102/><D102/><U7/><E26/><V21/><F101/><W1/><G1/><T11/><D22/><U80/><E68/><V51/><F83/><W119/><G119/><T54/><D133/><U47/><REACH who="1" step="1"/><E66/><REACH who="1" ten="250,201,250,289" step="2"/><V28/><F69/><W100/><G67/><T113/><D113/><U116/><E116/><V97/><F71/><W114/><G114/><T117/><D117/><U5/><E5/><V63/><F51/><AGARI ba="0,1" hai="0,7,8,36,37,44,45,46,47,51,52,80,85,91" machi="51" ten="40,7700,0" yaku="1,1,52,1,54,1,53,0" doraHai="35" doraHaiUra="104" who="1" fromWho="2" sc="250,0,201,87,250,-77,289,0" /><INIT seed="1,1,0,3,4,66" ten="250,288,173,289" oya="1" hai0="78,11,92,4,39,69,135,15,85,76,21,88,47" hai1="2,43,8,55,125,93,54,98,14,53,119,64,86" hai2="63,79,110,117,124,81,97,109,121,12,113,0,123" hai3="23,83,116,84,134,24,30,126,61,19,26,27,130"/><U114/><E114/><V129/><F0/><W112/><G112/><T90/><D135/><U101/><E119/><V35/><F113/><W106/><G134/><T71/><D21/><U17/><E125/><V16/><F35/><W127/><G106/><T28/><D28/><U48/><E2/><V67/><F117/><W3/><G116/><T82/><D90/><U128/><E128/><V122/><F97/><W99/><G130/><T51/><D39/><U59/><E43/><V103/><F103/><W45/><G3/><T56/><D56/><U5/><E5/><V132/><F129/><W10/><G99/><T96/><D78/><U87/><REACH who="1" step="1"/><E48/><REACH who="1" ten="250,278,173,289" step="2"/><V105/><F132/><W37/><G127/><T94/><D94/><U72/><E72/><V108/><F124/><W60/><G126/><T133/><D133/><U18/><E18/><V68/><F105/><W74/><G74/><T102/><D102/><U62/><AGARI ba="1,1" hai="8,14,17,53,54,55,59,62,64,86,87,93,98,101" machi="62" ten="30,6000,0" yaku="1,1,0,1,8,1,53,0" doraHai="66" doraHaiUra="118" who="1" fromWho="1" sc="250,-21,278,73,173,-21,289,-21" /><INIT seed="1,2,0,3,3,114" ten="229,351,152,268" oya="1" hai0="100,81,119,35,99,72,120,47,118,33,92,84,12" hai1="20,23,98,60,113,22,17,31,77,19,56,111,67" hai2="117,62,121,37,54,95,53,9,41,85,108,26,18" hai3="109,13,38,4,24,75,96,2,76,44,43,8,25"/><U27/><E113/><V0/><F121/><W64/><G109/><T69/><D69/><U34/><E111/><V63/><F108/><W87/><G87/><T91/><D120/><U50/><E77/><V78/><F0/><W14/><G64/><T45/><D12/><N who="3" m="4713" /><G96/><T88/><D91/><U129/><E129/><V55/><F37/><W73/><G73/><T39/><D72/><U128/><E128/><V70/><F70/><W106/><G106/><T51/><D39/><U135/><E135/><V40/><F9/><W93/><G93/><T105/><D105/><U82/><E82/><AGARI ba="2,0" hai="2,4,8,24,25,38,43,44,75,76,82" m="4713" machi="82" ten="30,1000,0" yaku="25,1" doraHai="114" who="3" fromWho="1" sc="229,0,351,-16,152,0,268,16" /><INIT seed="2,0,0,3,1,55" ten="229,335,152,284" oya="2" hai0="116,24,74,128,126,115,100,46,57,21,94,48,78" hai1="97,65,83,47,37,17,13,16,87,104,59,56,68" hai2="89,4,129,41,88,107,28,58,112,127,26,14,33" hai3="30,75,8,43,38,18,20,109,131,23,9,91,133"/><V80/><F112/><W134/><G75/><T90/><D115/><U45/><E68/><V121/><F121/><W124/><G91/><T76/><D116/><U11/><E37/><V132/><F127/><W53/><G43/><T106/><D126/><U62/><E104/><V60/><F129/><W113/><G38/><T52/><D128/><U7/><E97/><V92/><F107/><W50/><G124/><T35/><D35/><U85/><E85/><V66/><F132/><N who="3" m="50795" /><G113/><T125/><D125/><U96/><E96/><V5/><F41/><W12/><G131/><T119/><D119/><U64/><E7/><V51/><F80/><W63/><G63/><T32/><D32/><U44/><E17/><V122/><F122/><W81/><G81/><T73/><D73/><U102/><E102/><V98/><F51/><W70/><G70/><T69/><D69/><U19/><E19/><V34/><F34/><W93/><G93/><T39/><D74/><U2/><E2/><V54/><F54/><W105/><G105/><T95/><D106/><U135/><E135/><V82/><REACH who="2" step="1"/><F14/><REACH who="2" ten="229,335,142,284" step="2"/><W29/><G53/><N who="0" m="29847" /><D39/><U72/><E72/><V84/><AGARI ba="0,1" hai="4,5,26,28,33,58,60,66,82,84,88,89,92,98" machi="84" ten="30,12000,1" yaku="1,1,0,1,52,1,54,1,53,1" doraHai="55" doraHaiUra="61" who="2" fromWho="2" sc="229,-40,335,-40,142,130,284,-40" /><INIT seed="2,1,0,4,1,58" ten="189,295,272,244" oya="2" hai0="119,36,46,120,14,72,10,123,63,35,94,27,7" hai1="93,49,19,114,16,44,117,18,66,125,77,13,81" hai2="50,41,129,57,39,2,33,12,112,78,75,84,76" hai3="1,53,38,9,62,60,87,101,105,0,24,124,102"/><V70/><F75/><W42/><G38/><T103/><D72/><U121/><E114/><V22/><F112/><W28/><G42/><T113/><D119/><U100/><E117/><V98/><F129/><W32/><G124/><T97/><D113/><U83/><E125/><V74/><F74/><W5/><G1/><T23/><D35/><U8/><E121/><V69/><F33/><W132/><G132/><T61/><D36/><U73/><E66/><V51/><F2/><W108/><G108/><T122/><REACH who="0" step="1"/><D46/><REACH who="0" ten="179,295,272,244" step="2"/><U6/><E73/><V43/><F39/><W55/><G32/><T34/><D34/><U107/><E107/><V89/><F43/><W135/><G105/><T86/><D86/><U25/><E25/><V116/><F116/><W56/><G87/><T11/><D11/><U64/><E77/><V104/><F41/><W82/><G24/><T52/><D52/><N who="1" m="29735" /><E64/><V37/><F37/><W134/><G134/><T110/><D110/><U95/><E95/><V30/><F76/><W106/><G106/><T130/><D130/><U3/><E3/><V99/><F78/><W65/><G135/><T59/><D59/><U90/><E100/><V133/><F57/><W92/><G56/><T131/><D131/><U79/><E79/><V71/><F133/><W128/><G128/><T67/><D67/><U21/><E21/><V15/><F104/><W126/><G65/><T54/><D54/><U47/><E47/><V80/><F51/><W45/><G45/><T96/><D96/><AGARI ba="1,1" hai="6,8,13,16,18,19,81,83,90,93,96" m="29735" machi="96" ten="30,3900,0" yaku="8,1,54,2" doraHai="58" who="1" fromWho="0" sc="179,-42,295,52,272,0,244,0" /><INIT seed="3,0,0,4,5,50" ten="137,347,272,244" oya="3" hai0="82,128,78,84,37,2,121,10,117,15,98,90,51" hai1="41,83,17,76,97,26,29,7,91,111,80,96,74" hai2="94,66,113,30,20,109,36,59,71,106,0,34,68" hai3="13,39,62,11,99,126,24,53,14,100,43,52,130"/><W60/><G126/><T131/><D37/><U105/><E17/><V101/><F94/><N who="3" m="58487" /><G39/><T72/><D2/><U38/><E111/><V9/><F36/><W129/><G43/><T8/><D121/><U124/><E124/><V64/><F34/><W87/><G24/><T56/><D117/><U44/><E105/><V57/><F0/><W22/><G87/><T21/><D98/><U70/><E70/><V32/><F32/><W104/><G104/><T31/><D31/><U89/><E89/><V73/><F106/><W67/><G22/><T54/><D21/><U1/><E83/><V115/><F20/><W55/><G67/><T28/><D28/><U46/><E91/><V123/><F30/><W6/><G14/><T45/><D45/><U120/><E44/><V12/><F12/><W95/><G95/><T77/><D8/><N who="1" m="2159" /><E120/><V102/><F9/><W103/><G103/><T47/><D47/><U127/><E127/><V40/><F123/><W112/><G112/><T108/><D108/><U107/><E107/><V58/><F109/><W135/><G135/><T93/><REACH who="0" step="1"/><D77/><REACH who="0" ten="127,347,272,244" step="2"/><U86/><E86/><V42/><F59/><W125/><G125/><T25/><D25/><U122/><E122/><V134/><F134/><W116/><G116/><T132/><D132/><U33/><AGARI ba="0,1" hai="26,29,33,38,41,46,74,76,80,96,97" m="2159" machi="33" ten="30,1100,0" yaku="25,1" doraHai="50" who="1" fromWho="1" sc="127,-3,347,21,272,-3,244,-5" /><INIT seed="4,0,0,2,0,61" ten="124,368,269,239" oya="0" hai0="124,7,19,101,105,115,121,17,23,106,88,93,53" hai1="126,112,132,25,127,118,35,65,125,130,84,33,31" hai2="108,73,37,38,128,116,117,48,76,10,99,39,36" hai3="113,86,32,74,94,15,129,64,83,57,30,92,3"/><T91/><D121/><U13/><E118/><N who="2" m="45675" /><F108/><W58/><G3/><T12/><D124/><U42/><E130/><V134/><F128/><W54/><G129/><T63/><D115/><U50/><E112/><V107/><F134/><W68/><G68/><T34/><D34/><U85/><E132/><V20/><F39/><W87/><G74/><T62/><D7/><U96/><E35/><V79/><F73/><W122/><G122/><T43/><D43/><U41/><E65/><V66/><F66/><W46/><G32/><T8/><D106/><U26/><E26/><V71/><F71/><W14/><G30/><T6/><D105/><U77/><E77/><V52/><F10/><W103/><G46/><T102/><D91/><U100/><E13/><V4/><F20/><W69/><G69/><T49/><D102/><U44/><E41/><V131/><F4/><W110/><G110/><T81/><D101/><U82/><E82/><V119/><F131/><W97/><G64/><T59/><D81/><U27/><E27/><V40/><F40/><W67/><G67/><T60/><REACH who="0" step="1"/><D23/><REACH who="0" ten="114,368,269,239" step="2"/><U135/><E135/><V11/><F119/><W51/><G113/><T28/><D28/><U75/><E75/><V22/><F22/><W1/><G103/><T95/><D95/><AGARI ba="0,1" hai="25,31,33,42,44,50,84,85,95,96,100,125,126,127" machi="95" ten="40,1300,0" yaku="18,1" doraHai="61" who="1" fromWho="0" sc="114,-13,368,23,269,0,239,0" /><INIT seed="5,0,0,1,3,112" ten="101,391,269,239" oya="1" hai0="122,81,131,135,76,129,130,127,28,56,98,59,118" hai1="3,93,24,87,54,38,46,15,70,123,126,13,21" hai2="14,34,121,103,31,41,78,80,52,67,20,89,58" hai3="33,132,0,64,11,97,60,36,26,19,90,125,94"/><U37/><E3/><V51/><F121/><W83/><G36/><T4/><D122/><U25/><E70/><V66/><F34/><W2/><G125/><T110/><D110/><U115/><E126/><V88/><F103/><W75/><G132/><T44/><D127/><U117/><E115/><V12/><F12/><W63/><G63/><T39/><D135/><U104/><E104/><V48/><F66/><W92/><G75/><T107/><D28/><U7/><E38/><V42/><F67/><W55/><G55/><T29/><D29/><U49/><E37/><V109/><F109/><W8/><G83/><T113/><D113/><U91/><E117/><V6/><F6/><W96/><G33/><T84/><D4/><U114/><E123/><V106/><F106/><W47/><G47/><T79/><D79/><U119/><E119/><V102/><F102/><W124/><G124/><T65/><D65/><U95/><E95/><V62/><F48/><W73/><G73/><T101/><REACH who="0" step="1"/><D118/><REACH who="0" ten="91,391,269,239" step="2"/><U68/><E114/><V23/><F31/><W69/><G64/><T5/><D5/><U100/><E68/><V35/><F78/><W111/><G69/><T22/><D22/><U10/><E100/><V53/><F23/><W116/><G116/><T57/><D57/><U108/><E108/><V18/><F35/><W71/><G71/><T1/><D1/><U45/><E45/><N who="2" m="27759" /><F89/><W120/><G120/><T77/><D77/><U27/><E21/><V133/><F133/><W85/><G0/><T17/><D17/><U16/><E16/><V61/><F18/><W72/><G111/><RYUUKYOKU ba="0,1" sc="91,15,391,15,269,-15,239,-15" hai0="39,44,56,59,76,81,84,98,101,107,129,130,131" hai1="7,10,13,15,24,25,27,46,49,54,87,91,93" /><INIT seed="5,1,1,3,5,101" ten="106,406,254,224" oya="1" hai0="99,82,111,95,80,60,19,106,41,26,0,42,27" hai1="67,72,88,129,10,12,53,100,108,84,40,45,76" hai2="47,50,118,11,73,31,66,6,48,64,61,58,68" hai3="90,34,21,25,57,7,105,87,130,74,1,3,71"/><U135/><E129/><V39/><F73/><W134/><G71/><T107/><D0/><U94/><E135/><V17/><F31/><W43/><G74/><T121/><D60/><U18/><E108/><V20/><F118/><W44/><G34/><T70/><D70/><U102/><E67/><V112/><F112/><W81/><G134/><T37/><D111/><U56/><E76/><V38/><F50/><W122/><G122/><T126/><D121/><U8/><E8/><V22/><F66/><W28/><G130/><T103/><D126/><U29/><E29/><V97/><F68/><W33/><G33/><T92/><D103/><U77/><E77/><V110/><F110/><W23/><G57/><T127/><D127/><U83/><E83/><V9/><F9/><W54/><G54/><T120/><D120/><U59/><E59/><V133/><F97/><W119/><G119/><T63/><D63/><U114/><E72/><V79/><F79/><W85/><G23/><T98/><D19/><U109/><E114/><V96/><F96/><W86/><G7/><T78/><D78/><U62/><REACH who="1" step="1"/><E109/><REACH who="1" ten="106,396,254,224" step="2"/><V124/><F133/><W117/><G117/><T91/><D91/><U5/><E5/><V115/><F115/><W116/><G116/><T35/><D35/><U32/><E32/><V13/><F124/><W15/><G90/><T93/><D93/><U132/><E132/><V24/><F22/><W46/><G21/><T113/><D113/><U104/><E104/><V30/><F6/><W16/><G28/><T125/><D125/><U49/><AGARI ba="1,2" hai="10,12,18,40,45,49,53,56,62,84,88,94,100,102" machi="49" ten="20,12000,1" yaku="1,1,0,1,7,1,8,1,54,1,53,0" doraHai="101" doraHaiUra="75" who="1" fromWho="1" sc="106,-41,396,143,254,-41,224,-41" /><INIT seed="5,2,0,0,4,22" ten="65,539,213,183" oya="1" hai0="82,130,99,54,80,65,4,134,125,115,79,94,71" hai1="133,89,120,11,2,26,126,93,122,30,108,47,131" hai2="73,5,45,95,7,66,16,10,105,121,9,17,20" hai3="13,100,76,21,6,109,35,96,44,0,39,111,74"/><U67/><E67/><V53/><F105/><W112/><G35/><T83/><D4/><N who="2" m="1610" /><F73/><W62/><G62/><T24/><D115/><U110/><E2/><V14/><F66/><W38/><G13/><T52/><D134/><U18/><E47/><V8/><F95/><W63/><G63/><T91/><D130/><U25/><E89/><V36/><F36/><W70/><G70/><T129/><D129/><U58/><E93/><V57/><F45/><W78/><G21/><T49/><D125/><U50/><E58/><V81/><F81/><N who="3" m="45207" /><G78/><T132/><D132/><U77/><E77/><V118/><F118/><W98/><G39/><T117/><D117/><U88/><E50/><N who="2" m="30903" /><F121/><N who="1" m="46697" /><E88/><V27/><AGARI ba="2,0" hai="8,9,10,14,16,17,20,27" m="30903,1610" machi="27" ten="30,4000,0" yaku="8,1,52,1,54,1" doraHai="22" who="2" fromWho="2" sc="65,-12,539,-22,213,46,183,-12" /><INIT seed="6,0,0,2,4,120" ten="53,517,259,171" oya="2" hai0="1,111,135,97,42,30,78,81,65,83,119,29,113" hai1="36,80,59,33,123,103,89,68,98,77,25,105,20" hai2="118,109,10,44,125,35,70,14,117,54,93,49,121" hai3="130,101,112,56,108,40,38,32,92,128,95,39,57"/><V71/><F121/><W69/><G32/><T87/><D113/><U18/><E123/><V62/><F35/><W115/><G101/><T74/><D119/><N who="2" m="45578" /><F93/><N who="3" m="35915" /><G40/><T27/><D1/><U66/><E36/><N who="3" m="13866" /><G69/><N who="2" m="26121" /><F14/><W22/><G22/><T134/><D65/><U82/><E68/><V46/><F10/><W124/><G108/><T131/><D42/><U52/><E66/><V75/><F75/><W17/><G17/><T50/><D50/><U107/><E33/><V104/><F104/><W63/><G63/><T0/><D0/><U12/><E107/><V129/><F109/><W19/><G19/><T132/><D111/><U3/><E3/><V114/><F62/><W86/><G86/><T23/><D97/><U31/><E77/><V99/><F99/><W51/><G51/><T76/><REACH who="0" step="1"/><D30/><REACH who="0" ten="43,517,259,171" step="2"/><U106/><E31/><V88/><F49/><W122/><G122/><T26/><D26/><U72/><E25/><V48/><F48/><W21/><G115/><T94/><D94/><U7/><E98/><V67/><F114/><W91/><G112/><T60/><D60/><U110/><E105/><V2/><F67/><W45/><G56/><T133/><N who="0" m="33792" /><DORA hai="79" /><T6/><D6/><U41/><E59/><V13/><F2/><W127/><G57/><T37/><D37/><U34/><E41/><V85/><F46/><W116/><G45/><T55/><D55/><U64/><E52/><V9/><F54/><W90/><G116/><T5/><D5/><U102/><E7/><V73/><F44/><W126/><G126/><T8/><D8/><N who="1" m="6407" /><E110/><V16/><F125/><W4/><G127/><RYUUKYOKU ba="0,1" sc="43,30,517,-10,259,-10,171,-10" hai0="23,27,29,74,76,78,81,83,87,131" /><INIT seed="7,1,1,4,0,47" ten="73,507,249,161" oya="3" hai0="55,73,82,42,50,98,53,108,100,107,66,39,45" hai1="113,68,14,102,127,124,87,125,34,29,97,32,5" hai2="105,60,121,58,72,33,20,78,99,84,85,44,88" hai3="21,89,3,75,116,23,51,30,57,7,12,13,63"/><W52/><G116/><T16/><D108/><U26/><E68/><V10/><F33/><W56/><G75/><T11/><D66/><U74/><E74/><V106/><F121/><W35/><G3/><T22/><D11/><N who="1" m="4463" /><E113/><V123/><F72/><W48/><G35/><T70/><D70/><U43/><E43/><V110/><F110/><W77/><G77/><T103/><D103/><U6/><E6/><V109/><F44/><W119/><G119/><T101/><D101/><U8/><E8/><V117/><F99/><W67/><G89/><T94/><D107/><U90/><E26/><V15/><F20/><N who="3" m="7755" /><G30/><T104/><D104/><N who="1" m="63567" /><E29/><V69/><F69/><W132/><G132/><T62/><D62/><U18/><E18/><V59/><F109/><W40/><G7/><T83/><D73/><U92/><AGARI ba="1,1" hai="32,34,87,90,92,124,125,127" m="63567,4463" machi="92" ten="30,1100,0" yaku="18,1" doraHai="47" who="1" fromWho="1" sc="73,-4,507,24,249,-4,161,-6" owari="69,-43.0,531,62.0,245,5.0,155,-24.0" /></mjloggm>