<mjloggm ver="2.3"><GO type="169" lobby="0"/><UN n0="%E2%98%86%E5%8C%97%E6%9D%A1%E5%8A%A0%E8%93%AE%E2%98%86" n1="%7A%61%7A%61%7A%61%7A%61" n2="%77%73%62%61" n3="%E3%81%97%E3%82%89%E3%81%84%E3%81%97%E3%81%BE%E3%81%84" dan="17,18,16,17" rate="2186.03,2216.25,2100.25,2172.03" sx="M,M,M,M"/><TAIKYOKU oya="0"/><INIT seed="0,0,0,4,0,108" ten="250,250,250,250" oya="0" hai0="135,17,30,87,69,109,51,95,67,15,105,110,37" hai1="42,48,73,34,24,33,28,79,128,74,85,120,68" hai2="113,32,41,82,43,26,45,134,19,78,29,27,102" hai3="1,89,86,75,103,70,25,71,116,11,22,18,125"/><T112/><D37/><U49/><E120/><V111/><F111/><N who="0" m="42506" /><D105/><U12/><E68/><V52/><F134/><W96/><G75/><T127/><D135/><U38/><E34/><V60/><F102/><W63/><G125/><T91/><D127/><U92/><E128/><V76/><F76/><W61/><G116/><T124/><D124/><U20/><E38/><V115/><F26/><W47/><G70/><T16/><D30/><U100/><E100/><V98/><F98/><W90/><G47/><T64/><D17/><U84/><E92/><V118/><F19/><W123/><G123/><T58/><D69/><U62/><E62/><V14/><F14/><W104/><G71/><T13/><D13/><U8/><E33/><V122/><F118/><W4/><REACH who="3" step="1"/><G90/><REACH who="3" ten="250,250,250,240" step="2"/><T5/><D5/><U106/><E74/><V55/><F122/><W129/><G129/><T80/><D112/><U59/><E73/><V3/><F115/><W44/><G44/><T99/><D58/><U50/><E59/><V130/><F113/><W36/><G36/><T21/><D51/><U131/><E50/><V88/><F130/><W46/><G46/><T97/><D97/><U132/><E49/><V57/><F45/><W6/><G6/><T77/><AGARI ba="0,1" hai="15,16,21,64,67,77,80,87,91,95,99" m="42506" machi="77" ten="30,6000,0" yaku="14,1,10,1,54,1" doraHai="108" who="0" fromWho="0" sc="250,70,250,-20,250,-20,240,-20" /><INIT seed="0,1,0,1,3,2" ten="320,230,230,220" oya="0" hai0="31,47,39,122,78,28,62,123,99,71,64,66,17" hai1="67,15,119,115,7,5,44,97,12,104,25,68,126" hai2="16,94,18,1,3,81,95,59,85,23,100,125,109" hai3="19,6,48,75,96,72,51,52,9,124,86,88,20"/><T53/><D78/><U101/><E119/><V54/><F109/><W38/><G38/><T128/><D28/><U127/><E115/><V61/><F125/><N who="1" m="47625" /><E44/><V77/><F18/><W45/><G124/><T37/><D17/><U112/><E112/><V29/><F29/><W22/><G96/><T89/><D31/><U41/><E41/><V43/><F43/><W63/><G63/><T121/><D89/><U30/><E67/><V0/><REACH who="2" step="1"/><F100/><REACH who="2" ten="320,230,220,220" step="2"/><W55/><G19/><T8/><D122/><U105/><E105/><V133/><F133/><W73/><G55/><T34/><D121/><U111/><E111/><V118/><F118/><W83/><REACH who="3" step="1"/><G51/><REACH who="3" ten="320,230,220,210" step="2"/><T60/><D53/><U11/><E68/><V120/><F120/><W80/><G80/><T134/><D123/><U108/><E108/><V106/><F106/><W82/><G82/><T26/><D39/><U130/><E104/><V27/><AGARI ba="1,2" hai="0,1,3,16,23,27,54,59,61,77,81,85,94,95" machi="27" ten="30,8000,1" yaku="1,1,0,1,54,1,53,2" doraHai="2" doraHaiUra="91" who="2" fromWho="2" sc="320,-41,230,-21,220,103,210,-21" /><INIT seed="1,0,0,3,0,84" ten="279,209,323,189" oya="1" hai0="112,107,33,12,134,83,75,53,111,123,109,15,98" hai1="118,68,29,71,2,0,86,103,59,127,72,37,51" hai2="133,45,76,62,66,69,28,6,93,96,101,121,130" hai3="108,74,23,87,3,1,35,116,99,105,81,95,54"/><U110/><E37/><V89/><F121/><W120/><G35/><T65/><D112/><U128/><E72/><V56/><F133/><W125/><G120/><T129/><D33/><U21/><E118/><V52/><F130/><W85/><G116/><T9/><D123/><U94/><E128/><V114/><F114/><W80/><G108/><T30/><D30/><U61/><E127/><V64/><F76/><W122/><G122/><T16/><D129/><U26/><E51/><V70/><F6/><W58/><G125/><T104/><D134/><U40/><E40/><V19/><F28/><W25/><G105/><T43/><D65/><U17/><E110/><N who="0" m="41993" /><D43/><U8/><E71/><V92/><F45/><W41/><G41/><T90/><D53/><U73/><E73/><V117/><F117/><W119/><G74/><T4/><D75/><U77/><E68/><V49/><BYE who="3" /><F66/><W135/><G135/><T132/><D132/><U13/><E77/><UN n3="%E3%81%97%E3%82%89%E3%81%84%E3%81%97%E3%81%BE%E3%81%84" /><V79/><F79/><W36/><G36/><T60/><D60/><U18/><E18/><V91/><F69/><W7/><G7/><T24/><D24/><U20/><E20/><V46/><F70/><W82/><G1/><T55/><D55/><U78/><E78/><V115/><F115/><W57/><G3/><T67/><D67/><N who="1" m="39359" /><E2/><V31/><F31/><N who="3" m="17855" /><G119/><T113/><D113/><U48/><E0/><V102/><F19/><W97/><G58/><T14/><D14/><U32/><E48/><V34/><F34/><W10/><G10/><N who="0" m="6167" /><D83/><U126/><E126/><V100/><F93/><AGARI ba="0,0" hai="4,9,15,90,93,98,104,107" m="6167,41993" machi="93" ten="30,3900,0" yaku="14,1,52,1,54,1" doraHai="84" who="0" fromWho="2" sc="279,39,209,0,323,-39,189,0" /><INIT seed="2,0,0,5,4,56" ten="318,209,284,189" oya="2" hai0="19,90,0,75,120,73,72,124,94,96,71,36,31" hai1="121,123,51,18,130,39,52,42,63,81,48,102,1" hai2="55,15,109,17,115,47,79,68,104,128,5,101,27" hai3="26,46,95,24,92,10,29,38,119,93,67,105,65"/><V13/><F115/><W11/><G105/><T22/><D120/><N who="1" m="46155" /><E1/><V16/><F128/><W12/><G119/><T44/><D0/><U61/><E102/><V41/><F109/><W91/><G91/><T116/><D116/><U112/><E112/><V113/><F68/><W6/><G26/><T37/><D31/><U100/><E100/><V20/><F113/><W106/><G106/><T97/><D71/><U126/><E126/><V25/><F79/><W76/><G76/><T9/><D9/><U107/><E107/><V134/><F134/><W74/><G74/><T57/><D96/><U64/><E18/><V69/><F69/><W4/><G46/><T84/><D97/><U103/><E103/><V78/><F78/><W2/><REACH who="3" step="1"/><G38/><REACH who="3" ten="318,209,284,179" step="2"/><T111/><D36/><U83/><E130/><V98/><F27/><W32/><AGARI ba="0,1" hai="2,4,6,10,11,12,24,29,32,65,67,92,93,95" machi="32" ten="30,7900,0" yaku="1,1,2,1,0,1,53,1" doraHai="56" doraHaiUra="33" who="3" fromWho="3" sc="318,-20,209,-20,284,-39,179,89" /><INIT seed="3,0,0,3,4,1" ten="298,189,245,268" oya="3" hai0="48,58,97,120,27,109,23,17,82,89,36,43,8" hai1="45,15,77,39,110,105,73,95,107,130,126,122,67" hai2="34,96,46,80,90,7,41,20,12,3,53,57,6" hai3="131,88,118,135,102,93,47,54,59,84,129,71,98"/><W111/><G118/><T24/><D109/><U37/><E122/><V5/><F34/><W75/><G71/><T13/><D120/><U70/><E110/><V91/><F3/><W87/><G111/><T40/><D36/><U117/><E126/><V112/><F112/><W68/><G68/><T61/><D48/><U33/><E33/><V29/><F80/><W99/><G75/><T85/><D97/><U125/><E125/><V0/><F0/><W128/><G47/><T2/><D2/><U133/><E107/><V60/><F96/><W30/><G30/><T134/><D134/><U121/><E70/><V35/><F35/><W56/><G135/><T65/><REACH who="0" step="1"/><D27/><REACH who="0" ten="288,189,245,268" step="2"/><U14/><E133/><V101/><F101/><W123/><G123/><T21/><D21/><U108/><E121/><V69/><F69/><W31/><G31/><AGARI ba="0,1" hai="8,13,17,23,24,31,40,43,58,61,65,82,85,89" machi="31" ten="30,3900,0" yaku="1,1,7,1,8,1,53,0" doraHai="1" doraHaiUra="50" who="0" fromWho="3" sc="288,49,189,0,245,0,268,-39" /><INIT seed="4,0,0,4,5,86" ten="337,189,245,229" oya="0" hai0="77,87,98,114,56,18,14,117,100,101,40,5,9" hai1="42,120,63,69,22,48,115,131,38,66,135,118,4" hai2="19,17,51,88,119,21,73,61,99,70,121,28,7" hai3="93,57,49,132,50,44,30,1,91,75,128,53,103"/><T46/><D114/><U20/><E120/><V106/><F73/><W2/><G75/><T113/><D117/><U58/><E118/><V11/><F121/><W29/><G128/><T92/><D113/><U32/><E32/><V72/><F72/><W97/><G132/><T64/><D100/><U84/><E135/><V107/><F119/><W6/><G1/><T127/><D127/><U0/><E131/><V102/><F106/><W12/><G2/><T81/><D18/><U78/><E0/><V89/><F28/><W134/><G134/><T34/><D34/><U37/><E4/><V110/><F110/><W130/><G130/><T31/><D31/><U24/><E115/><V33/><F33/><W60/><G50/><T62/><D46/><U116/><E116/><V123/><F51/><W3/><G3/><T71/><D71/><U23/><E24/><V80/><F80/><W36/><G36/><T54/><REACH who="0" step="1"/><D40/><REACH who="0" ten="327,189,245,229" step="2"/><U52/><E42/><V96/><F123/><W65/><G103/><T67/><AGARI ba="0,1" hai="5,9,14,54,56,62,64,67,77,81,87,92,98,101" machi="67" ten="30,11700,0" yaku="1,1,2,1,0,1,8,1,53,0" doraHai="86" doraHaiUra="124" who="0" fromWho="0" sc="327,127,189,-39,245,-39,229,-39" /><INIT seed="4,1,0,3,1,88" ten="454,150,206,190" oya="0" hai0="34,2,113,85,108,77,73,98,45,46,111,78,9" hai1="53,22,12,83,59,95,62,110,0,90,18,39,129" hai2="123,104,38,89,48,49,16,115,92,82,26,40,32" hai3="42,7,65,94,133,105,117,96,100,6,106,15,1"/><T72/><D85/><U80/><E129/><V101/><F123/><W107/><G117/><T17/><D17/><U63/><E110/><V131/><F115/><W130/><G130/><T84/><D84/><U28/><E39/><V102/><F131/><W74/><G74/><T81/><D98/><U58/><E0/><V60/><F104/><W125/><G1/><T3/><D9/><U79/><E28/><V118/><F82/><W47/><G125/><T57/><D57/><U119/><E79/><V13/><F118/><W122/><G133/><T112/><REACH who="0" step="1"/><D34/><REACH who="0" ten="444,150,206,190" step="2"/><U35/><E35/><V20/><F32/><W86/><G86/><T132/><D132/><U19/><E19/><V91/><F16/><W56/><G56/><T61/><D61/><U67/><REACH who="1" step="1"/><E119/><REACH who="1" ten="444,140,206,190" step="2"/><V134/><F134/><W114/><G122/><T4/><D4/><U75/><E75/><V120/><F120/><W44/><G6/><T124/><D124/><U24/><E24/><V31/><F26/><W36/><G7/><T27/><D27/><U54/><E54/><V121/><F121/><W64/><G114/><T70/><D70/><U23/><E23/><V52/><F20/><W76/><G64/><T99/><D99/><AGARI ba="1,2" hai="12,18,22,53,58,59,62,63,67,80,83,90,95,99" machi="99" ten="30,7700,0" yaku="1,1,7,1,8,1,52,1,53,0" doraHai="88" doraHaiUra="41" who="1" fromWho="0" sc="444,-80,140,100,206,0,190,0" /><INIT seed="5,0,0,0,5,31" ten="364,240,206,190" oya="1" hai0="24,14,50,60,57,75,96,123,26,29,125,46,110" hai1="6,40,10,58,47,111,95,116,87,85,72,20,7" hai2="74,91,106,8,126,63,5,115,48,21,132,53,130" hai3="101,56,128,19,16,37,133,135,34,97,108,69,105"/><U77/><E116/><V51/><F126/><W68/><G108/><T32/><D110/><U88/><E111/><V107/><F130/><W61/><G37/><T12/><D75/><U71/><E71/><N who="3" m="27210" /><G128/><T52/><D125/><U33/><E33/><V109/><F109/><W80/><G80/><T134/><D134/><N who="3" m="51209" /><G34/><T67/><D123/><U119/><E119/><V55/><F74/><W36/><G36/><T113/><D113/><U62/><E20/><V28/><F132/><W4/><G4/><T114/><D114/><U22/><E22/><V41/><F115/><W117/><G117/><T73/><D73/><U42/><E72/><V90/><F21/><W9/><G9/><T35/><D96/><U0/><E7/><V103/><F8/><W86/><G86/><T18/><D18/><U2/><E2/><V93/><F5/><W66/><AGARI ba="0,0" hai="16,19,56,61,66,97,101,105" m="51209,27210" machi="66" ten="30,2000,0" yaku="20,1,54,1" doraHai="31" who="3" fromWho="3" sc="364,-5,240,-10,206,-5,190,20" /><INIT seed="6,0,0,2,5,3" ten="359,230,201,210" oya="2" hai0="6,36,99,116,108,126,12,69,122,71,130,96,127" hai1="125,77,44,43,97,105,33,134,131,135,40,91,2" hai2="11,98,85,37,16,129,56,89,22,88,47,41,50" hai3="100,1,67,15,86,52,90,106,84,83,64,94,39"/><V80/><F129/><W110/><G1/><T38/><D108/><U59/><E131/><V132/><F132/><N who="1" m="50729" /><E125/><N who="0" m="47625" /><D130/><U87/><E2/><V79/><F11/><W68/><G39/><N who="0" m="14891" /><D122/><U13/><E33/><V101/><F56/><W72/><G110/><T115/><D115/><U112/><E77/><V55/><F37/><W31/><G31/><T61/><D116/><U109/><E109/><V9/><F9/><W5/><G72/><T24/><D24/><U107/><E59/><V42/><F79/><W8/><G68/><N who="0" m="26187" /><D61/><U35/><E112/><V20/><F20/><W75/><G75/><T54/><D54/><U128/><E128/><V102/><F89/><N who="3" m="53543" /><G100/><N who="2" m="38505" /><F98/><N who="0" m="37418" /><D12/><AGARI ba="0,0" hai="12,16,22,41,42,47,50,55,80,85,88" m="38505" machi="12" ten="30,5800,0" yaku="8,1,54,2" doraHai="3" who="2" fromWho="0" sc="359,-58,230,0,201,58,210,0" /><INIT seed="6,1,0,2,4,59" ten="301,230,259,210" oya="2" hai0="39,117,3,98,118,57,120,102,114,44,107,95,38" hai1="76,20,92,53,82,47,71,58,19,21,25,67,17" hai2="88,15,41,87,123,70,54,36,29,37,115,10,104" hai3="125,106,4,135,90,48,81,73,91,46,14,126,129"/><V9/><F115/><W18/><G106/><T128/><D120/><U66/><E71/><V28/><F123/><W77/><G4/><T96/><D114/><U131/><E131/><V124/><F104/><W112/><G112/><T40/><D3/><U132/><E132/><V33/><F124/><N who="3" m="47723" /><G129/><T113/><D113/><U78/><E92/><V56/><F70/><W62/><G135/><T100/><D128/><U127/><E47/><V130/><F130/><W50/><G62/><T133/><D133/><U93/><E93/><V119/><F119/><N who="0" m="45578" /><D57/><U86/><E78/><V16/><F10/><N who="3" m="6487" /><G50/><AGARI ba="1,0" hai="38,39,40,44,50,95,96,98,100,102,107" m="45578" machi="50" ten="30,1000,0" yaku="12,1" doraHai="59" who="0" fromWho="3" sc="301,13,230,0,259,0,210,-13" /><INIT seed="7,0,0,4,0,97" ten="314,230,259,197" oya="3" hai0="60,91,9,132,20,43,84,125,21,58,114,112,77" hai1="83,38,5,32,41,81,110,68,118,109,82,119,29" hai2="103,7,50,69,46,1,105,15,124,101,18,53,17" hai3="65,49,115,80,45,102,47,122,25,72,37,28,121"/><W8/><G115/><N who="0" m="44075" /><D132/><U52/><E68/><V133/><F69/><W22/><G65/><T70/><D70/><U39/><E5/><V134/><F124/><W23/><G23/><T42/><D77/><U88/><E88/><V87/><F105/><W61/><G61/><T78/><D78/><U128/><E128/><V12/><F87/><W93/><G37/><N who="1" m="13834" /><E41/><N who="0" m="15369" /><D9/><U11/><E11/><N who="2" m="6303" /><F7/><W57/><G8/><T71/><D125/><U10/><E10/><N who="2" m="6519" /><F1/><W48/><G72/><T54/><D71/><U64/><E64/><V27/><F27/><W59/><G80/><AGARI ba="0,0" hai="20,21,54,58,60,80,84,91" m="15369,44075" machi="80" ten="30,2000,0" yaku="15,1,11,1" doraHai="97" who="0" fromWho="3" sc="314,20,230,0,259,0,197,-20" owari="334,43.0,230,-17.0,259,6.0,177,-32.0" /></mjloggm>