<mjloggm ver="2.3"><GO type="169" lobby="0"/><UN n0="%68%7A%63" n1="%E6%9D%BE%E5%B1%8B%E3%81%8A%E3%81%98%E3%81%95%E3%82%93" n2="%E7%82%8E%E3%81%AE%E3%83%88%E3%83%AC%E3%83%BC%E3%83%80%E3%83%BC" n3="%E6%84%9A%E5%BD%A2%E3%81%AE%E6%84%9A%E5%85%84" dan="16,17,16,17" rate="2126.94,2180.69,2151.93,2151.87" sx="M,M,M,M"/><TAIKYOKU oya="0"/><INIT seed="0,0,0,5,1,5" ten="250,250,250,250" oya="0" hai0="23,134,114,128,103,86,82,35,27,19,130,98,20" hai1="111,53,84,32,46,92,74,96,22,54,67,106,105" hai2="59,58,16,81,9,60,52,48,75,133,126,38,129" hai3="55,63,93,12,65,31,120,28,99,49,110,33,11"/><T124/><D114/><U125/><E32/><V71/><F129/><N who="0" m="49770" /><D35/><U64/><E74/><V44/><F133/><W89/><G110/><T45/><D45/><U26/><E111/><V47/><F126/><W42/><G42/><T13/><D124/><U62/><E125/><V8/><F71/><W127/><G120/><T132/><D82/><U73/><E84/><V118/><F118/><W34/><G34/><T56/><D56/><N who="1" m="35095" /><E73/><V95/><F75/><W88/><G89/><T18/><D86/><U15/><E15/><V69/><F69/><W121/><G121/><T85/><D85/><U76/><E105/><AGARI ba="0,0" hai="13,18,19,20,23,27,98,103,105,132,134" m="49770" machi="105" ten="30,1500,0" yaku="19,1" doraHai="5" who="0" fromWho="1" sc="250,15,250,-15,250,0,250,0" /><INIT seed="0,1,0,1,2,39" ten="265,235,250,250" oya="0" hai0="131,33,128,10,101,87,127,66,80,124,63,40,45" hai1="35,121,18,49,42,60,38,51,96,29,97,102,67" hai2="118,112,109,28,34,46,106,62,31,129,113,73,110" hai3="59,93,74,81,56,41,122,78,94,22,91,133,70"/><T103/><D33/><U107/><E121/><V0/><F106/><W100/><G70/><N who="0" m="42335" /><D10/><U17/><E51/><V19/><F73/><W32/><G32/><T20/><D20/><U55/><E96/><V125/><F62/><W11/><G133/><T95/><D95/><U2/><E2/><V85/><F46/><W90/><G100/><T72/><D72/><U105/><E105/><V116/><F85/><W12/><G22/><T115/><D115/><N who="2" m="44106" /><F129/><N who="0" m="49738" /><D103/><U69/><E38/><V79/><F125/><N who="0" m="48202" /><D101/><U30/><E42/><V134/><F79/><W61/><G94/><T54/><D54/><U50/><E30/><N who="2" m="11307" /><F34/><W4/><G41/><T132/><D87/><U130/><E130/><V82/><F0/><W119/><G93/><T25/><D80/><U47/><REACH who="1" step="1"/><E50/><REACH who="1" ten="265,225,250,250" step="2"/><V123/><F82/><W83/><G81/><T15/><D132/><U44/><E44/><V135/><F135/><W89/><G83/><T120/><D45/><U7/><E7/><V16/><F134/><W71/><G4/><T5/><D40/><U99/><E99/><V64/><F123/><W8/><G122/><T108/><D120/><U111/><E111/><N who="2" m="42507" /><F64/><W68/><G74/><T126/><D126/><U26/><AGARI ba="1,1" hai="17,18,26,29,35,47,49,55,60,67,69,97,102,107" machi="26" ten="30,7900,0" yaku="1,1,0,1,25,2,53,0" doraHai="39" doraHaiUra="6" who="1" fromWho="1" sc="265,-40,225,92,250,-21,250,-21" /><INIT seed="1,0,0,5,3,88" ten="225,317,229,229" oya="1" hai0="77,115,37,98,64,90,106,49,16,104,41,130,7" hai1="121,48,91,1,3,58,128,27,5,60,68,13,0" hai2="57,132,97,19,52,6,114,85,129,69,71,116,103" hai3="59,28,30,12,31,9,54,22,117,123,74,122,15"/><U76/><E121/><V96/><F116/><W43/><G74/><T94/><D37/><U38/><E38/><V40/><F114/><W75/><G75/><T55/><D115/><U108/><E128/><V79/><F129/><W133/><G117/><T113/><D113/><U80/><E108/><V47/><F132/><W118/><G118/><T61/><D41/><U34/><E68/><V81/><F6/><W86/><G43/><T50/><D7/><U45/><E91/><V21/><F47/><W20/><G133/><T51/><D77/><U26/><E34/><V87/><F85/><W131/><G131/><T11/><D55/><U124/><E124/><V66/><F97/><W53/><G86/><T2/><D2/><U105/><E105/><V36/><F66/><W83/><G83/><T126/><D126/><U101/><E101/><V120/><F40/><W72/><G72/><T63/><D63/><U32/><E48/><V62/><F120/><W24/><G24/><T92/><D130/><U135/><E45/><V95/><REACH who="2" step="1"/><F36/><REACH who="2" ten="225,317,219,229" step="2"/><W134/><G134/><T10/><D98/><U99/><E99/><V25/><AGARI ba="0,1" hai="19,21,25,52,57,62,69,71,79,81,87,95,96,103" machi="25" ten="20,12000,2" yaku="1,1,2,1,0,1,7,1,52,1,54,1,53,0" doraHai="88" doraHaiUra="29" who="2" fromWho="2" sc="225,-30,317,-60,219,130,229,-30" /><INIT seed="2,0,0,0,3,25" ten="195,257,349,199" oya="2" hai0="73,59,9,48,42,92,75,62,77,11,16,86,88" hai1="7,110,23,93,26,107,13,8,95,2,115,15,72" hai2="12,68,30,51,78,27,4,39,123,44,129,80,57" hai3="5,112,128,14,21,20,60,34,58,65,118,116,104"/><V40/><F123/><W38/><G38/><T91/><D75/><U97/><E115/><V31/><F68/><W53/><G104/><T106/><D106/><U43/><E72/><V64/><F129/><W56/><G34/><T6/><D73/><U71/><E110/><V96/><F96/><W10/><G128/><T36/><D36/><U100/><E43/><V102/><F102/><W131/><G112/><T133/><D133/><U81/><E81/><V85/><F27/><W84/><G84/><T94/><D77/><U37/><E37/><V67/><F39/><W74/><G74/><T105/><D105/><U0/><E71/><V66/><F57/><W114/><G114/><T101/><D101/><U41/><E41/><V111/><F111/><W119/><REACH who="3" step="1"/><G131/><REACH who="3" ten="195,257,349,189" step="2"/><T90/><D86/><U108/><E108/><V54/><F54/><W63/><AGARI ba="0,1" hai="5,10,14,20,21,53,56,58,60,63,65,116,118,119" machi="63" ten="40,5200,0" yaku="1,1,2,1,0,1,53,0" doraHai="25" doraHaiUra="125" who="3" fromWho="3" sc="195,-13,257,-13,349,-26,189,62" /><INIT seed="3,0,0,2,1,69" ten="182,244,323,251" oya="3" hai0="110,34,76,131,53,78,101,25,5,16,58,17,36" hai1="2,89,115,13,102,113,72,79,31,87,14,11,20" hai2="104,0,26,124,66,4,129,55,120,128,85,65,39" hai3="86,83,84,59,111,82,54,52,28,35,92,91,23"/><W61/><G35/><T133/><D110/><U29/><E2/><V51/><F120/><W46/><G111/><T105/><D131/><N who="2" m="50250" /><F104/><W119/><G119/><T7/><D133/><U108/><E108/><V57/><F26/><W63/><G46/><T43/><D101/><U22/><E102/><V73/><F73/><W21/><G28/><T135/><D105/><U109/><E109/><V94/><F124/><W12/><G12/><T45/><D135/><U64/><E64/><V122/><F122/><W38/><G38/><T71/><D71/><U75/><E87/><V99/><F85/><W42/><G42/><T68/><D68/><U125/><E89/><N who="2" m="55759" /><F39/><W18/><G18/><T112/><D112/><U98/><E98/><V8/><AGARI ba="0,0" hai="0,4,8,51,55,57,65,66" m="55759,50250" machi="8" ten="30,1100,0" yaku="19,1" doraHai="69" who="2" fromWho="2" sc="182,-3,244,-3,323,11,251,-5" /><INIT seed="4,0,0,1,2,47" ten="179,241,334,246" oya="0" hai0="43,34,21,121,62,96,55,15,64,106,111,68,77" hai1="118,27,44,51,19,90,124,117,123,10,85,14,101" hai2="81,33,16,109,114,83,89,25,102,59,92,119,70" hai3="4,104,9,63,12,32,87,38,22,67,0,3,6"/><T107/><D121/><U78/><E124/><V48/><F70/><W49/><G38/><T11/><D34/><U57/><E123/><V82/><F109/><W56/><G32/><T113/><D113/><U84/><E101/><V105/><F114/><W50/><G104/><T69/><D111/><U31/><E57/><V98/><F119/><W7/><G87/><T72/><D69/><U125/><E125/><V100/><F33/><W40/><G40/><T13/><D43/><U58/><E58/><V130/><F130/><W39/><G39/><T132/><D132/><U71/><E71/><V37/><F37/><W66/><G66/><T28/><D96/><U75/><E75/><V54/><F105/><W97/><G97/><T95/><D95/><U8/><E8/><V73/><F73/><W103/><G103/><T120/><D120/><U94/><E78/><V24/><F24/><W36/><G36/><T23/><D23/><AGARI ba="0,0" hai="16,23,25,48,54,59,81,82,83,89,92,98,100,102" machi="23" ten="40,5200,0" yaku="8,1,52,1,54,1" doraHai="47" who="2" fromWho="0" sc="179,-52,241,0,334,52,246,0" /><INIT seed="5,0,0,2,1,135" ten="127,241,386,246" oya="1" hai0="94,18,52,6,115,73,131,104,84,21,42,100,92" hai1="95,55,103,120,113,7,111,106,67,37,16,57,8" hai2="105,114,63,32,3,82,86,74,12,102,0,47,53" hai3="45,124,77,123,127,43,88,112,38,108,23,89,60"/><U83/><E120/><V61/><F32/><W46/><G123/><T97/><D73/><U126/><E106/><V99/><F114/><W110/><G112/><T35/><D35/><U50/><E113/><V76/><F61/><W9/><G77/><T54/><D115/><U87/><E111/><V33/><F33/><W26/><G9/><T119/><D119/><U1/><E126/><N who="3" m="48170" /><G46/><T98/><D131/><U118/><E118/><V72/><F74/><W28/><G60/><T101/><D6/><U65/><E37/><V58/><F47/><W59/><G59/><T91/><REACH who="0" step="1"/><D42/><REACH who="0" ten="117,241,386,246" step="2"/><U30/><E7/><V85/><F72/><W64/><G64/><T109/><D109/><AGARI ba="0,1" hai="23,26,28,38,43,45,88,89,108,109,110" m="48170" machi="109" ten="30,8000,1" yaku="18,1,52,3,54,1" doraHai="135" who="3" fromWho="0" sc="117,-80,241,0,386,0,246,90" /><INIT seed="6,0,0,0,5,94" ten="37,241,386,336" oya="2" hai0="113,135,79,76,74,58,127,132,51,43,109,29,14" hai1="67,101,35,82,122,86,107,121,57,4,64,120,17" hai2="88,108,99,68,31,69,7,92,66,8,9,111,12" hai3="49,61,124,13,83,62,125,93,24,85,97,100,80"/><V44/><F31/><W41/><G24/><T25/><D109/><N who="2" m="42058" /><F66/><W91/><G80/><T18/><D113/><U81/><E35/><V134/><F134/><W1/><G1/><T15/><D127/><N who="3" m="48713" /><G13/><T65/><D43/><U72/><E4/><N who="2" m="3079" /><F44/><AGARI ba="0,0" hai="41,44,49,61,62,83,85,91,93,97,100" m="48713" machi="44" ten="30,2000,0" yaku="18,1,52,1" doraHai="94" who="3" fromWho="2" sc="37,0,241,0,386,-20,336,20" /><INIT seed="7,0,0,2,1,51" ten="37,241,366,356" oya="3" hai0="3,16,133,29,13,20,100,116,26,37,73,125,80" hai1="1,107,117,47,127,70,86,57,36,7,4,98,63" hai2="113,50,64,59,108,56,88,15,121,31,25,71,118" hai3="18,49,119,5,62,115,10,103,33,77,32,82,9"/><W53/><G115/><T75/><D133/><U76/><E127/><V69/><F108/><W120/><G119/><T22/><D125/><U27/><E117/><V81/><F113/><W123/><G103/><T131/><D131/><U87/><E70/><V106/><F106/><W78/><G62/><T101/><D116/><U111/><E111/><V97/><F118/><W58/><G77/><T44/><D3/><U45/><E107/><V40/><F121/><W0/><G33/><T11/><D75/><U130/><E36/><V61/><F69/><W6/><G18/><T17/><D73/><U132/><E1/><V48/><F15/><W8/><G32/><T2/><D37/><U90/><E132/><V72/><F72/><W135/><G135/><T84/><D2/><U89/><E76/><V99/><F40/><W65/><G65/><T55/><D29/><U34/><E34/><V96/><F50/><W114/><G114/><T95/><D95/><U43/><E43/><V122/><F48/><W42/><G42/><T24/><D44/><U54/><E130/><V35/><REACH who="2" step="1"/><F122/><REACH who="2" ten="37,241,356,356" step="2"/><W83/><G0/><T128/><D128/><U110/><E110/><V52/><F52/><W12/><G12/><T112/><D112/><U46/><E7/><V85/><AGARI ba="0,1" hai="25,31,35,56,59,61,64,71,81,85,88,96,97,99" machi="85" ten="30,4000,0" yaku="1,1,0,1,54,1,53,0" doraHai="51" doraHaiUra="14" who="2" fromWho="2" sc="37,-10,241,-10,356,50,356,-20" owari="27,-47.0,231,-17.0,406,50.0,336,14.0" /></mjloggm>