<mjloggm ver="2.3"><GO type="169" lobby="0"/><UN n0="%E3%83%AA%E3%83%84%E3%83%9F%E3%82%B5%E3%83%B3" n1="%69%6B%61%6D%6F%66%75%40" n2="%E9%B3%B3%E5%8D%97%E3%81%AE%E3%81%B6%E3%81%9F%E3%81%95%E3%82%93" n3="%E7%89%8C%E6%B5%81%E5%AE%9A%E7%9F%B3%E6%9C%80%E9%AB%98" dan="18,16,17,17" rate="2239.97,2085.91,2234.77,2137.71" sx="M,M,M,M"/><TAIKYOKU oya="0"/><INIT seed="0,0,0,2,3,47" ten="250,250,250,250" oya="0" hai0="82,105,103,40,70,21,57,129,65,58,104,32,125" hai1="73,121,55,97,9,113,114,110,8,36,53,77,23" hai2="2,63,42,79,84,0,11,33,135,101,123,122,80" hai3="35,100,133,106,69,96,120,14,25,95,43,7,128"/><T28/><D125/><U54/><E121/><V91/><F33/><W108/><G108/><T18/><D129/><U22/><E110/><V4/><F135/><W48/><G133/><T71/><D40/><U38/><E97/><V117/><F0/><W39/><G39/><N who="1" m="14890" /><E77/><V107/><F42/><W66/><G95/><T64/><D82/><U1/><E1/><V78/><F117/><W132/><G132/><T74/><D74/><U116/><E73/><N who="2" m="43087" /><F63/><W10/><G128/><T93/><D93/><U27/><E27/><V85/><F85/><W126/><G126/><T6/><D6/><U94/><E94/><N who="2" m="54631" /><F79/><W115/><G43/><T134/><D134/><U67/><E67/><V5/><F5/><W52/><G120/><T68/><D32/><U41/><E41/><V124/><F124/><W12/><G66/><T34/><D34/><U17/><E17/><V60/><F60/><W30/><G69/><T83/><D28/><U46/><E46/><V61/><F61/><W90/><G90/><T119/><D119/><U98/><E98/><AGARI ba="0,0" hai="2,4,11,98,101,107,122,123" m="54631,43087" machi="98" ten="30,1000,0" yaku="24,1" doraHai="47" who="2" fromWho="1" sc="250,0,250,-10,250,10,250,0" /><INIT seed="1,0,0,1,0,88" ten="250,240,260,250" oya="1" hai0="72,82,83,29,106,124,18,115,80,43,125,71,65" hai1="105,129,107,97,5,27,13,113,19,118,25,16,111" hai2="85,7,120,2,24,79,10,81,94,103,39,135,40" hai3="131,48,122,86,90,117,92,55,0,66,132,26,28"/><U30/><E113/><V15/><F120/><W75/><G122/><T84/><D43/><U133/><E118/><V9/><F135/><W41/><G132/><T47/><D47/><U46/><E133/><V60/><F24/><W38/><G131/><T22/><D106/><U11/><E129/><V127/><F127/><W53/><G0/><T42/><D42/><U36/><E111/><V56/><F40/><W1/><G1/><T126/><D29/><U49/><E36/><V73/><F39/><W37/><G117/><T77/><D115/><U62/><E62/><V130/><F130/><W45/><G75/><T128/><D128/><U44/><E25/><V74/><F103/><W116/><G66/><T34/><D34/><U119/><E119/><V63/><F63/><W96/><G116/><T21/><D83/><U108/><E108/><V4/><REACH who="2" step="1"/><F94/><REACH who="2" ten="250,240,250,250" step="2"/><N who="3" m="54615" /><G38/><T99/><D125/><U93/><E105/><V8/><F8/><W50/><G37/><T51/><D126/><U123/><E107/><V67/><AGARI ba="0,1" hai="2,4,7,9,10,15,56,60,67,73,74,79,81,85" machi="67" ten="20,5200,0" yaku="1,1,0,1,7,1,53,1" doraHai="88" doraHaiUra="52" who="2" fromWho="2" sc="250,-13,240,-26,250,62,250,-13" /><INIT seed="2,0,0,4,0,25" ten="237,214,312,237" oya="2" hai0="113,110,13,134,122,106,128,107,55,111,9,71,124" hai1="38,112,64,58,76,15,11,90,87,46,70,104,98" hai2="0,115,27,135,88,63,17,133,100,95,41,10,132" hai3="80,79,84,126,28,45,91,37,83,97,22,53,105"/><V42/><F115/><W26/><G126/><T30/><D55/><U121/><E112/><V48/><F100/><W125/><G125/><T2/><D13/><U20/><E121/><V108/><F108/><W31/><G37/><T73/><D9/><U114/><E70/><V86/><F48/><N who="3" m="28815" /><G105/><T36/><D30/><N who="3" m="11305" /><G97/><T29/><D29/><U44/><E98/><V8/><F63/><W16/><G80/><T54/><D54/><U81/><E104/><V123/><F123/><W1/><G1/><T47/><D47/><U23/><E44/><V6/><REACH who="2" step="1"/><F8/><REACH who="2" ten="237,214,302,237" step="2"/><W39/><G39/><T35/><D111/><U94/><E114/><V59/><F59/><W92/><G92/><T118/><AGARI ba="0,1" hai="2,35,36,71,73,106,107,110,113,118,122,124,128,134" machi="118" ten="0,32000,5" yakuman="47" doraHai="25" who="0" fromWho="0" sc="237,330,214,-80,302,-160,237,-80" /><INIT seed="3,0,0,0,1,97" ten="567,134,142,157" oya="3" hai0="19,26,44,130,69,45,56,46,17,40,12,35,83" hai1="63,132,65,22,53,87,58,33,59,30,81,2,108" hai2="7,79,94,104,71,73,64,1,67,103,77,111,92" hai3="131,102,28,66,29,114,15,36,37,121,61,16,95"/><W47/><G121/><T101/><D69/><U32/><E108/><V50/><F111/><W123/><G123/><T4/><D4/><U60/><E132/><V113/><F113/><W98/><G114/><T43/><D35/><U91/><REACH who="1" step="1"/><E2/><REACH who="1" ten="567,124,142,157" step="2"/><V112/><F1/><W41/><G131/><T126/><D130/><U27/><AGARI ba="0,1" hai="22,27,30,32,33,53,58,59,60,63,65,81,87,91" machi="27" ten="30,4000,0" yaku="1,1,2,1,0,1,53,0" doraHai="97" doraHaiUra="14" who="1" fromWho="1" sc="567,-10,124,50,142,-10,157,-20" /><INIT seed="4,0,0,5,1,14" ten="557,174,132,137" oya="0" hai0="81,88,107,131,20,7,106,120,21,80,9,35,0" hai1="103,76,78,43,44,28,96,2,90,29,132,48,91" hai2="124,102,98,94,82,97,114,64,36,19,125,115,61" hai3="67,109,75,3,13,18,31,130,68,123,86,51,62"/><T105/><D35/><U30/><E132/><V4/><F36/><W113/><G109/><T39/><D39/><U126/><E126/><N who="2" m="48747" /><F4/><W34/><G113/><N who="2" m="43017" /><F61/><W32/><G130/><T104/><D131/><U63/><E2/><V70/><F64/><W111/><G111/><T112/><D120/><U52/><E76/><V54/><F54/><W40/><G75/><T119/><D119/><U89/><E78/><V55/><F55/><W1/><G123/><T24/><D21/><U73/><E73/><V108/><F70/><W121/><G121/><T10/><D10/><U41/><REACH who="1" step="1"/><E63/><REACH who="1" ten="557,164,132,137" step="2"/><V50/><F108/><W117/><G1/><T135/><D135/><U17/><E17/><V27/><F19/><W56/><G3/><T66/><D112/><U93/><AGARI ba="0,1" hai="28,29,30,41,43,44,48,52,89,90,91,93,96,103" machi="93" ten="30,7900,0" yaku="1,1,0,1,8,1,54,1,53,0" doraHai="14" doraHaiUra="58" who="1" fromWho="1" sc="557,-39,164,89,132,-20,137,-20" /><INIT seed="5,0,0,4,3,132" ten="518,253,112,117" oya="1" hai0="95,42,27,124,109,47,24,103,116,19,100,120,77" hai1="60,48,70,106,98,107,89,112,118,17,16,9,29" hai2="4,69,91,75,76,80,31,51,79,102,66,20,63" hai3="39,68,3,5,2,65,97,22,101,134,57,119,126"/><U10/><E112/><V128/><F128/><W50/><G134/><T123/><D77/><U81/><E118/><V87/><F102/><W96/><G119/><T0/><D0/><U41/><E29/><V72/><F4/><W67/><G39/><T11/><D11/><U131/><E131/><V127/><F51/><W8/><G2/><T37/><D109/><U85/><E9/><V93/><F127/><W82/><G126/><T30/><D124/><U121/><E121/><V117/><F117/><W104/><G68/><T55/><D55/><U105/><E98/><V26/><REACH who="2" step="1"/><F76/><REACH who="2" ten="518,253,102,117" step="2"/><W115/><G115/><T13/><D103/><U130/><E130/><V32/><F32/><W35/><G35/><T1/><D100/><U73/><E48/><V12/><F12/><W94/><G104/><T88/><D116/><U23/><E105/><V122/><F122/><W133/><G133/><T54/><D123/><U21/><E106/><V49/><F49/><W44/><G101/><T38/><D1/><U6/><E107/><V43/><F43/><W46/><G50/><N who="0" m="29023" /><D42/><U99/><E41/><V18/><F18/><W25/><G5/><T86/><D120/><U110/><E16/><V113/><F113/><W52/><G3/><T62/><D13/><N who="1" m="7351" /><E110/><V40/><F40/><W34/><G34/><N who="0" m="20807" /><D62/><U71/><E6/><V36/><F36/><W111/><G111/><T78/><D78/><U92/><E60/><V61/><F61/><W84/><G46/><T59/><D19/><U74/><E89/><V125/><F125/><W7/><G7/><T33/><D88/><U53/><E21/><RYUUKYOKU ba="0,1" sc="518,-10,253,-10,102,30,117,-10" hai2="20,26,31,63,66,69,72,75,79,80,87,91,93" /><INIT seed="6,1,1,2,4,105" ten="508,243,132,107" oya="2" hai0="25,91,119,57,69,36,74,125,32,7,96,131,128" hai1="103,132,135,70,122,12,62,47,77,76,83,75,10" hai2="46,72,87,59,68,19,86,43,93,107,130,56,118" hai3="90,120,63,126,100,84,124,73,20,113,49,89,41"/><V38/><F118/><W111/><G111/><T79/><D69/><U28/><E122/><V35/><F107/><W64/><G120/><T1/><D57/><U98/><E28/><V123/><F123/><W30/><G100/><T58/><D58/><U17/><E76/><V15/><F68/><W78/><G113/><T71/><D96/><U14/><E47/><V24/><F130/><W55/><G41/><T94/><D94/><U60/><E14/><V42/><F42/><W16/><G30/><T92/><D92/><N who="1" m="58823" /><E70/><V26/><F72/><W99/><G99/><T82/><D91/><U48/><E48/><V95/><F93/><W97/><G97/><T13/><D125/><N who="3" m="48233" /><G84/><T45/><D13/><U116/><E116/><V129/><F129/><W106/><G106/><T109/><D109/><U11/><E11/><V67/><F86/><W127/><N who="3" m="48241" /><W44/><DORA hai="51" /><G63/><T117/><D71/><U54/><E54/><V29/><F67/><W6/><G6/><T61/><D119/><U3/><E3/><V8/><REACH who="2" step="1"/><F26/><REACH who="2" ten="508,243,122,107" step="2"/><N who="3" m="14599" /><G64/><T66/><D66/><U0/><E75/><V80/><F80/><AGARI ba="1,2" hai="44,49,55,73,78,80,89,90" m="14599,48241" machi="80" ten="40,8000,1" yaku="18,1,52,2,54,1" doraHai="105,51" who="3" fromWho="2" sc="508,0,243,0,122,-83,107,103" /><INIT seed="7,0,0,5,0,65" ten="508,243,39,210" oya="3" hai0="76,120,50,87,37,40,41,131,106,89,20,114,10" hai1="22,45,66,122,104,29,134,26,85,43,81,128,14" hai2="113,63,36,7,23,58,126,53,17,47,111,27,124" hai3="115,46,60,116,97,125,6,132,123,5,93,130,107"/><W103/><G123/><T101/><D37/><U69/><E122/><V32/><F7/><W112/><G116/><T16/><D106/><U55/><E104/><V109/><F32/><W102/><G125/><T78/><D101/><U48/><E69/><V88/><F113/><N who="3" m="43595" /><G132/><T49/><D131/><U74/><E74/><V80/><F36/><W135/><G135/><T98/><D10/><U100/><E134/><V54/><F111/><W110/><G130/><T62/><D98/><U0/><E0/><V64/><F109/><W71/><G46/><N who="0" m="25799" /><D62/><U1/><E1/><V92/><F80/><W105/><G105/><T67/><D67/><U117/><E66/><V57/><F47/><W84/><G110/><T96/><D96/><U21/><E100/><V13/><F64/><N who="3" m="41351" /><G103/><T25/><D120/><U15/><E117/><V70/><F70/><W31/><G31/><T4/><D4/><U8/><E128/><V11/><F58/><W90/><AGARI ba="0,0" hai="5,6,84,90,93,97,102,107" m="41351,43595" machi="90" ten="30,3000,0" yaku="15,1,52,1" doraHai="65" who="3" fromWho="3" sc="508,-10,243,-10,39,-10,210,30" /><INIT seed="7,1,0,2,4,38" ten="498,233,29,240" oya="3" hai0="87,78,36,116,68,70,107,92,55,6,103,2,19" hai1="134,22,82,118,52,4,48,129,39,9,93,121,123" hai2="135,29,42,31,23,117,110,90,75,59,83,33,25" hai3="77,69,34,119,60,88,5,73,67,109,126,106,50"/><W13/><G119/><T28/><D36/><U86/><E39/><V32/><F135/><W124/><G106/><T45/><D28/><U80/><E134/><V46/><F110/><W100/><G100/><T37/><D6/><U76/><E118/><V113/><F113/><W128/><G109/><T43/><D2/><U56/><E129/><V57/><F117/><W108/><G108/><T27/><D55/><U62/><E93/><V41/><F46/><W94/><G34/><T21/><D116/><U125/><E125/><V91/><F23/><W35/><G35/><T105/><D78/><U18/><E80/><V24/><REACH who="2" step="1"/><F83/><REACH who="2" ten="498,233,19,240" step="2"/><W14/><G126/><T53/><D70/><U97/><E22/><V111/><F111/><W47/><G47/><T0/><D68/><U30/><E30/><V130/><F130/><W49/><G69/><T10/><D10/><U16/><E121/><V20/><F20/><W58/><G124/><T65/><D0/><U122/><E123/><V71/><F71/><W131/><G131/><T114/><D114/><U64/><E122/><V133/><F133/><W15/><G128/><T12/><D103/><U63/><E97/><V66/><F66/><W3/><G3/><T101/><D65/><U120/><E120/><V132/><F132/><W84/><G67/><T61/><D27/><U98/><E98/><V44/><F44/><W54/><G15/><T17/><D101/><U127/><E127/><V85/><F85/><W79/><G14/><T74/><D107/><U104/><E104/><V11/><F11/><W40/><G13/><T89/><D12/><RYUUKYOKU ba="1,1" sc="498,-10,233,-10,19,30,240,-10" hai2="24,25,29,31,32,33,41,42,57,59,75,90,91" owari="498,60.0,223,-18.0,49,-45.0,230,3.0" /></mjloggm>