<mjloggm ver="2.3"><GO type="169" lobby="0"/><UN n0="%E6%9D%8F%E9%9B%A8" n1="%E2%93%A5%E5%8D%83%E7%BE%BD%E9%BB%92%E4%B9%83" n2="%E3%81%BF%E3%81%A1%E3%82%83%E3%81%8A" n3="%E8%B5%A4%E5%9D%82%E3%83%86%E3%83%B3%E3%83%91%E3%82%A4" dan="16,17,16,16" rate="2197.20,2171.41,2149.44,2084.97" sx="F,F,M,M"/><TAIKYOKU oya="0"/><INIT seed="0,0,0,3,5,134" ten="250,250,250,250" oya="0" hai0="36,7,102,32,129,42,94,83,68,104,20,53,122" hai1="79,123,37,19,11,52,4,75,77,0,101,25,31" hai2="3,85,65,86,45,55,17,44,103,81,114,14,58" hai3="91,39,8,54,56,27,131,1,73,78,10,46,12"/><T96/><D32/><U84/><E75/><V24/><F114/><W76/><G131/><T82/><D122/><U35/><E37/><V66/><F3/><W50/><G1/><T80/><D129/><U13/><E123/><V133/><F24/><W127/><G10/><T26/><D68/><U15/><E101/><V100/><F133/><W60/><G39/><T107/><D7/><U118/><E118/><V29/><F29/><W23/><G73/><T34/><D34/><U117/><E117/><V105/><F105/><W33/><G33/><T87/><D87/><U92/><E15/><V90/><F86/><W99/><G99/><T57/><D42/><U98/><E52/><V135/><F100/><W130/><G130/><T121/><D36/><U69/><E69/><V89/><F89/><W40/><G91/><T112/><D112/><U28/><E28/><V9/><F103/><W41/><G41/><T113/><D113/><U59/><E59/><V47/><REACH who="2" step="1"/><F135/><REACH who="2" ten="250,250,240,250" step="2"/><W61/><G78/><T70/><D121/><U119/><E84/><V132/><F132/><W38/><G76/><T93/><D107/><U30/><E31/><V124/><F124/><W6/><G127/><T43/><D104/><U5/><E119/><V111/><F111/><W21/><G21/><T48/><D93/><U22/><E77/><V108/><F108/><W51/><G38/><T18/><D70/><U88/><E79/><V97/><F97/><W115/><G115/><T120/><D120/><U109/><E109/><V95/><F95/><W110/><G110/><T74/><D74/><U16/><E0/><RYUUKYOKU ba="0,1" sc="250,0,250,0,240,0,250,0" hai0="18,20,26,43,48,53,57,80,82,83,94,96,102" hai1="4,5,11,13,16,19,22,25,30,35,88,92,98" hai2="9,14,17,44,45,47,55,58,65,66,81,85,90" hai3="6,8,12,23,27,40,46,50,51,54,56,60,61" /><INIT seed="0,1,1,5,0,100" ten="250,250,240,250" oya="0" hai0="126,44,108,65,36,72,4,71,50,103,38,11,55" hai1="128,59,91,2,13,133,92,63,101,7,42,54,31" hai2="29,14,81,102,97,62,49,5,56,76,68,116,135" hai3="15,106,99,61,122,110,87,88,129,30,105,16,104"/><T125/><D72/><U32/><E133/><V33/><F135/><W85/><G30/><T82/><D82/><U112/><E128/><V40/><F116/><W78/><G78/><T27/><D27/><U74/><E74/><V66/><F29/><W114/><G114/><T8/><D8/><U39/><E2/><V70/><F33/><W95/><G129/><T117/><D103/><U131/><E39/><N who="0" m="14889" /><D11/><U34/><E42/><V9/><F49/><W43/><G43/><T69/><D4/><U19/><E7/><V41/><F70/><N who="0" m="26634" /><D117/><U127/><E31/><V107/><REACH who="2" step="1"/><F68/><REACH who="2" ten="250,250,230,250" step="2"/><W25/><G61/><T21/><D108/><U1/><E34/><V17/><F17/><W132/><G110/><T6/><D6/><U75/><E19/><V79/><F79/><W93/><G132/><T22/><D21/><U12/><E32/><V134/><F134/><W94/><G25/><T84/><D22/><U3/><E112/><V47/><F47/><W60/><G60/><T35/><D35/><U23/><E63/><V89/><F89/><N who="3" m="53423" /><G16/><T130/><D130/><U120/><E131/><V53/><F53/><W48/><G48/><T86/><D65/><U119/><E119/><V111/><F111/><W67/><G67/><T73/><D44/><U121/><E23/><V45/><F45/><W24/><G24/><T124/><D50/><U113/><E113/><V77/><F77/><W115/><G115/><T0/><D55/><U52/><E54/><V118/><F118/><W37/><G37/><T98/><D125/><U83/><E127/><V58/><F58/><W26/><G26/><RYUUKYOKU ba="1,2" sc="250,-10,250,-10,230,30,250,-10" hai2="5,9,14,40,41,56,62,66,76,81,97,102,107" /><INIT seed="1,2,2,1,4,6" ten="240,240,260,240" oya="1" hai0="67,13,1,62,83,35,37,92,126,21,22,30,0" hai1="88,80,45,23,78,87,117,58,97,4,56,50,61" hai2="81,10,94,47,63,28,17,132,96,105,42,100,127" hai3="57,66,3,73,135,77,2,60,38,84,49,54,104"/><U48/><E117/><V102/><F132/><W89/><G104/><T8/><D37/><U68/><E4/><V90/><F127/><W40/><G135/><T85/><D126/><U27/><E68/><V65/><F28/><W34/><G34/><T134/><D134/><U5/><E5/><V129/><F129/><W121/><G121/><T118/><D118/><U133/><E133/><V120/><F120/><W51/><G51/><N who="1" m="19498" /><E45/><V55/><F55/><W52/><G54/><T44/><D44/><U11/><E11/><V70/><F105/><W69/><G77/><T99/><D35/><U14/><E14/><V103/><F47/><N who="3" m="23959" /><G73/><T91/><D0/><U33/><E33/><V18/><F42/><W41/><G41/><T131/><D1/><U59/><E97/><V75/><F75/><W20/><G20/><T128/><D30/><N who="1" m="17791" /><E78/><V86/><REACH who="2" step="1"/><F10/><REACH who="2" ten="240,240,250,240" step="2"/><W130/><G130/><T39/><D131/><U113/><E113/><V101/><AGARI ba="2,3" hai="17,18,63,65,70,81,86,90,94,96,100,101,102,103" machi="101" ten="30,4000,0" yaku="1,1,2,1,0,1,53,0" doraHai="6" doraHaiUra="123" who="2" fromWho="2" sc="240,-12,240,-22,250,76,240,-12" /><INIT seed="2,0,0,2,4,95" ten="228,218,326,228" oya="2" hai0="90,101,61,27,13,42,15,94,45,73,107,51,117" hai1="110,121,70,55,84,39,134,34,23,85,38,99,50" hai2="10,96,77,33,67,60,21,58,91,109,29,24,123" hai3="7,76,72,68,54,17,93,3,26,86,25,105,46"/><V114/><F114/><W120/><G120/><T0/><D0/><U74/><E34/><V126/><F123/><W31/><G68/><T1/><D1/><U104/><E74/><V9/><F126/><W19/><G72/><T127/><D73/><U2/><E2/><V131/><F131/><W37/><G105/><T98/><D127/><U6/><E6/><V124/><F124/><W119/><G119/><T106/><D106/><U69/><E121/><V130/><F130/><W35/><G26/><T71/><D117/><U80/><E110/><V5/><F109/><W78/><G78/><T82/><D82/><U132/><E23/><V113/><F113/><W133/><G133/><N who="1" m="51306" /><E69/><V88/><F77/><W100/><G7/><T102/><D102/><N who="1" m="62559" /><E70/><V112/><F112/><W53/><G3/><T47/><D27/><U81/><E81/><V89/><F5/><W83/><G19/><T103/><D103/><U92/><E92/><N who="2" m="56327" /><F33/><W97/><REACH who="3" step="1"/><G17/><REACH who="3" ten="228,218,326,218" step="2"/><T64/><REACH who="0" step="1"/><D45/><REACH who="0" ten="218,218,326,218" step="2"/><N who="1" m="28111" /><E80/><V14/><F14/><W36/><G36/><AGARI ba="0,2" hai="36,38,39,84,85" m="28111,62559,51306" machi="36" ten="30,2000,0" yaku="20,1,52,1" doraHai="95" who="1" fromWho="3" sc="218,0,218,40,326,0,218,-20" /><INIT seed="3,0,0,2,4,95" ten="218,258,326,198" oya="3" hai0="135,18,74,120,32,3,105,36,8,113,53,86,51" hai1="41,91,56,58,10,61,31,128,108,83,67,134,55" hai2="16,33,5,112,64,77,66,123,130,96,25,121,71" hai3="111,14,76,20,99,35,26,122,11,47,12,75,2"/><W126/><G122/><N who="2" m="46601" /><F112/><W73/><G126/><T7/><D74/><U81/><E108/><V103/><F130/><W107/><G111/><T21/><D36/><U45/><E128/><V63/><F77/><W13/><G35/><T106/><D32/><U132/><E31/><N who="2" m="19695" /><F5/><W100/><G76/><T59/><D135/><N who="1" m="51755" /><E10/><V37/><F37/><W50/><G11/><T23/><D113/><U116/><E91/><V70/><F16/><W27/><G2/><T133/><D133/><U104/><E104/><N who="2" m="63591" /><F66/><W22/><G27/><T114/><D114/><U131/><E131/><V125/><F125/><W9/><G9/><T1/><D1/><U60/><E116/><V101/><F101/><W110/><G110/><T15/><D120/><U0/><E0/><V65/><F64/><W92/><G92/><T4/><D7/><U57/><E55/><V88/><F88/><W28/><REACH who="3" step="1"/><G22/><REACH who="3" ten="218,258,326,188" step="2"/><T62/><D21/><U84/><E81/><V68/><AGARI ba="0,1" hai="63,65,68,70,71" m="63591,19695,46601" machi="68" ten="30,7900,0" yaku="25,1,13,1,23,1,52,1" doraHai="95" who="2" fromWho="2" sc="218,-20,258,-20,326,89,188,-39" /><INIT seed="4,0,0,3,2,75" ten="198,238,415,149" oya="0" hai0="50,62,80,55,131,102,41,52,22,113,128,101,87" hai1="100,6,109,95,27,82,103,135,89,94,69,107,37" hai2="46,40,133,70,83,53,12,99,77,85,19,32,71" hai3="13,124,36,111,57,7,39,9,81,45,120,38,106"/><T123/><D123/><U67/><E37/><V23/><F133/><W48/><G106/><T73/><D73/><U16/><E109/><V29/><F53/><W59/><G111/><T125/><D113/><U63/><E107/><V58/><F58/><W51/><G120/><T105/><D125/><U96/><E6/><V2/><F2/><W4/><G124/><T24/><D41/><U92/><E135/><V110/><F110/><W68/><G68/><T25/><D62/><U108/><E108/><V127/><F127/><W35/><G35/><T112/><D55/><U14/><E27/><N who="0" m="10313" /><D22/><U18/><E18/><V10/><F32/><W130/><G7/><T66/><D66/><U3/><E3/><V126/><F23/><W121/><G121/><T74/><D74/><U64/><E67/><V1/><F29/><W132/><G132/><T79/><D105/><U47/><E63/><V5/><F126/><W65/><G65/><T115/><D102/><U0/><E100/><V20/><F99/><W90/><G130/><N who="0" m="49707" /><D101/><U93/><E64/><V84/><F71/><W26/><G26/><T118/><D118/><U44/><E69/><V33/><F33/><W28/><G28/><T49/><D49/><U43/><E43/><V88/><F70/><W114/><G114/><T91/><D91/><U15/><E89/><V104/><F104/><W116/><G116/><T21/><D21/><U129/><E103/><V34/><F34/><W54/><REACH who="3" step="1"/><G51/><REACH who="3" ten="198,238,415,139" step="2"/><T61/><D61/><U98/><E129/><V78/><F1/><W72/><G72/><T134/><D134/><U119/><E119/><RYUUKYOKU ba="0,1" sc="198,15,238,-15,415,-15,139,15" hai0="50,52,79,80,87,112,115" hai3="4,9,13,36,38,39,45,48,54,57,59,81,90" /><INIT seed="4,1,1,4,5,127" ten="213,223,400,154" oya="0" hai0="47,111,35,132,45,55,106,4,108,8,51,126,71" hai1="78,69,53,30,101,79,124,9,27,14,114,120,65" hai2="54,104,134,31,52,74,135,13,96,33,94,75,15" hai3="82,26,58,86,115,98,80,41,66,2,5,40,60"/><T107/><D35/><U87/><E120/><V10/><F104/><W57/><G115/><T68/><D126/><U130/><E124/><V100/><F31/><W34/><G2/><T37/><D132/><N who="2" m="50730" /><F33/><W92/><G5/><T99/><D99/><U6/><E87/><V0/><F0/><W42/><G26/><T62/><D106/><U59/><E101/><V103/><F103/><N who="3" m="60871" /><G34/><T36/><D107/><U121/><E27/><V123/><F15/><W83/><G58/><N who="0" m="35167" /><D8/><U110/><E9/><V67/><F67/><W12/><G12/><T17/><D17/><U63/><E14/><V88/><F100/><W19/><G19/><T109/><D4/><U89/><E6/><N who="2" m="3287" /><F123/><W20/><G20/><T97/><D97/><U56/><E30/><V90/><F90/><AGARI ba="1,1" hai="40,41,42,57,60,66,80,82,83,86,90" m="60871" machi="90" ten="30,1000,0" yaku="8,1" doraHai="127" who="3" fromWho="2" sc="213,0,223,0,400,-13,154,23" /><INIT seed="5,0,0,0,5,87" ten="213,223,387,177" oya="1" hai0="5,13,69,30,21,63,133,110,73,125,119,4,9" hai1="27,79,121,114,117,109,51,56,1,89,93,53,47" hai2="131,95,82,90,3,40,104,2,98,64,116,17,58" hai3="115,76,12,26,28,57,67,122,55,42,20,6,108"/><U130/><E117/><V22/><F116/><W97/><G122/><T84/><D73/><U83/><E1/><V59/><F131/><W45/><G108/><T25/><D110/><U46/><E109/><V15/><F104/><W14/><G67/><T0/><D119/><U113/><E27/><V16/><F40/><W129/><G129/><T72/><D72/><N who="1" m="43495" /><E121/><V65/><F82/><W37/><G115/><N who="1" m="44042" /><E130/><V60/><F17/><W124/><G124/><T128/><D128/><U68/><E68/><V120/><F120/><W41/><G41/><T80/><D125/><U101/><E101/><V43/><F43/><W19/><G76/><T105/><D105/><U24/><E24/><V85/><F98/><AGARI ba="0,0" hai="46,47,51,53,56,89,93,98" m="44042,43495" machi="98" ten="30,2900,0" yaku="15,1,52,1" doraHai="87" who="1" fromWho="2" sc="213,0,223,29,387,-29,177,0" /><INIT seed="5,1,0,1,4,102" ten="213,252,358,177" oya="1" hai0="5,96,9,6,55,42,127,38,48,76,18,67,112" hai1="68,104,19,86,114,20,126,49,53,91,83,121,25" hai2="30,109,94,70,101,2,71,37,106,81,12,40,58" hai3="43,0,110,80,92,89,46,105,128,129,79,1,131"/><U113/><E121/><V116/><F2/><W59/><G110/><T50/><D67/><U120/><E120/><V33/><F109/><W103/><G59/><T73/><D112/><U64/><E126/><V99/><F116/><W47/><G92/><T100/><D38/><U72/><E72/><V78/><F12/><W122/><G89/><T28/><D28/><U74/><E74/><N who="2" m="43223" /><F58/><W29/><G29/><T75/><D127/><U111/><E111/><V11/><F94/><W61/><G61/><T77/><D42/><U132/><E132/><V134/><F11/><W123/><G47/><T117/><D117/><U95/><E83/><V44/><F134/><W107/><G103/><T98/><D100/><U57/><REACH who="1" step="1"/><E104/><REACH who="1" ten="213,242,358,177" step="2"/><N who="3" m="40010" /><G122/><T93/><D75/><U60/><AGARI ba="1,1" hai="19,20,25,49,53,57,60,64,68,86,91,95,113,114" machi="60" ten="30,3000,0" yaku="1,1,0,1,53,0" doraHai="102" doraHaiUra="115" who="1" fromWho="1" sc="213,-11,242,43,358,-11,177,-11" /><INIT seed="5,2,0,2,3,22" ten="202,285,347,166" oya="1" hai0="122,109,82,51,31,55,113,128,26,102,19,39,49" hai1="73,133,59,9,100,97,88,32,13,25,41,36,92" hai2="34,43,11,24,42,117,79,131,68,61,71,62,85" hai3="110,118,114,29,98,46,40,127,112,45,20,81,57"/><U50/><E133/><V84/><F117/><W2/><G2/><T65/><D109/><U93/><E73/><V28/><F131/><W12/><G110/><T8/><D39/><U35/><E36/><V60/><F11/><W47/><G40/><T33/><D128/><U38/><E38/><V104/><F104/><W64/><G118/><T16/><D65/><U54/><E41/><V10/><F10/><W124/><G98/><T4/><D113/><N who="3" m="43625" /><G81/><T30/><D102/><U129/><E25/><V27/><F62/><N who="3" m="37967" /><G12/><T56/><D31/><U69/><E69/><V74/><F28/><W134/><G134/><T135/><D135/><U125/><E129/><V126/><F79/><W67/><G67/><T103/><D103/><U123/><E123/><V58/><F74/><W0/><G0/><T17/><D122/><U52/><E54/><V7/><F85/><W120/><G120/><T115/><D115/><U77/><E77/><V53/><F84/><W48/><G48/><T94/><D94/><U80/><E80/><V76/><F53/><W96/><G96/><T5/><D82/><U101/><E101/><V99/><F99/><W119/><G119/><T91/><D91/><U37/><E37/><V78/><F43/><W21/><G29/><T83/><D83/><U90/><E100/><V105/><F42/><W23/><AGARI ba="2,0" hai="20,21,23,45,46,47,124,127" m="37967,43625" machi="23" ten="40,1500,0" yaku="15,1" doraHai="22" who="3" fromWho="3" sc="202,-6,285,-9,347,-6,166,21" /><INIT seed="6,0,0,4,5,86" ten="196,276,341,187" oya="2" hai0="85,54,130,74,101,131,109,47,19,26,46,121,100" hai1="77,21,28,66,10,7,92,129,58,6,123,82,115" hai2="42,56,124,111,45,35,133,88,126,94,76,119,41" hai3="25,105,11,114,0,68,39,83,96,55,75,102,73"/><V97/><F119/><W122/><G55/><T93/><D109/><U16/><E115/><V87/><F111/><W128/><G25/><T27/><D74/><U113/><E113/><V38/><F133/><W78/><G114/><T120/><D85/><U64/><E129/><V5/><F35/><W59/><G59/><T4/><D54/><U84/><E28/><V29/><F29/><W108/><G75/><T37/><D93/><U1/><E7/><V127/><F5/><N who="3" m="1447" /><G108/><T65/><D4/><U9/><E9/><V17/><F17/><W2/><G128/><T98/><D98/><U125/><E123/><V112/><F112/><W72/><G72/><T24/><D27/><U53/><E92/><V36/><F56/><W13/><G13/><T43/><D19/><U67/><E125/><V99/><F76/><W117/><G117/><T31/><D31/><U107/><E107/><V110/><F110/><W33/><G122/><T79/><D79/><U49/><REACH who="1" step="1"/><E66/><REACH who="1" ten="196,266,341,187" step="2"/><V116/><F116/><W22/><G105/><T57/><D65/><U23/><E23/><V48/><F41/><W132/><G22/><T12/><D43/><U8/><E8/><V90/><F99/><W3/><G33/><T14/><D130/><U44/><E44/><V40/><F42/><W80/><G80/><AGARI ba="0,1" hai="36,38,40,45,48,80,87,88,90,94,97,124,126,127" machi="80" ten="40,12000,1" yaku="18,1,52,2,54,1" doraHai="86" who="2" fromWho="3" sc="196,0,266,0,341,130,187,-120" /><INIT seed="6,1,0,0,2,14" ten="196,266,471,67" oya="2" hai0="82,61,121,13,112,24,111,133,47,79,117,110,62" hai1="122,108,97,17,135,40,89,68,41,43,5,126,123" hai2="80,4,29,35,54,34,128,7,86,60,59,115,119" hai3="114,9,55,84,11,75,76,66,77,63,104,101,109"/><V46/><F119/><W106/><G109/><T0/><D121/><U116/><E5/><V58/><F115/><W2/><G114/><T57/><D0/><U31/><E31/><V70/><F70/><W98/><G106/><T94/><D112/><U26/><E68/><V38/><F128/><W12/><G75/><T105/><D105/><U42/><E108/><V87/><F87/><W23/><G55/><T73/><D133/><U48/><E126/><V22/><F59/><W91/><G23/><T27/><D117/><U3/><E3/><V50/><F38/><W130/><G2/><T36/><D61/><U64/><E64/><V51/><F51/><W10/><G130/><T131/><D131/><U15/><E26/><N who="2" m="16599" /><F35/><W20/><G20/><T99/><D110/><U56/><E135/><V103/><F103/><W21/><G21/><T127/><D127/><U25/><E56/><V71/><F71/><W8/><N who="3" m="2048" /><DORA hai="129" /><W18/><G18/><T16/><D111/><U132/><E17/><V32/><F32/><W120/><G12/><T45/><D16/><U124/><E15/><V118/><F34/><W81/><REACH who="3" step="1"/><G120/><REACH who="3" ten="196,266,471,57" step="2"/><T30/><D13/><U96/><E122/><V107/><F107/><W93/><G93/><T52/><D30/><U74/><E123/><V39/><F118/><W92/><G92/><T85/><D73/><U28/><E74/><V95/><F95/><W44/><G44/><T134/><D134/><U33/><E132/><V100/><F46/><N who="0" m="17418" /><D36/><U19/><E116/><V69/><F39/><W72/><G72/><T78/><D94/><U37/><E37/><RYUUKYOKU ba="1,1" sc="196,-10,266,-10,471,-10,57,30" hai3="63,66,76,77,81,84,91,98,101,104" /><INIT seed="7,2,1,4,3,28" ten="186,256,461,87" oya="3" hai0="94,113,99,6,127,85,38,24,68,43,18,30,65" hai1="19,62,52,112,9,66,20,53,61,40,33,25,132" hai2="4,34,2,78,3,80,44,70,135,108,87,59,118" hai3="110,109,1,121,55,90,130,21,47,124,57,115,32"/><W91/><G121/><T101/><D6/><U93/><E112/><V67/><F108/><N who="3" m="41579" /><G115/><T37/><D113/><U98/><E132/><V102/><F135/><W107/><G1/><T73/><D73/><U58/><E33/><V23/><F70/><W95/><G107/><T27/><D127/><U76/><E40/><V114/><F102/><W50/><G124/><T5/><D5/><U12/><E76/><V15/><F114/><W84/><G130/><T116/><D116/><U100/><E62/><V14/><F118/><W126/><G126/><T29/><D18/><AGARI ba="2,1" hai="9,12,18,19,20,25,52,53,58,61,66,93,98,100" machi="18" ten="30,3900,0" yaku="7,1,8,1,54,1" doraHai="28" who="1" fromWho="0" sc="186,-45,256,55,461,0,87,0" owari="141,-26.0,311,11.0,461,56.0,87,-41.0" /></mjloggm>