<mjloggm ver="2.3"><GO type="169" lobby="0"/><UN n0="%E9%BD%8B%E8%97%A4%E9%A3%9B%E9%B3%A5%E4%B8%B6" n1="%62%69%67%6D%6F%75%74%68" n2="%E3%82%B7%E3%83%B3%E3%83%9C%E3%83%AA%E3%83%AB%E3%83%89%E3%83%AB%E3%83%95" n3="%E8%B5%A4%E5%9D%82%E3%83%86%E3%83%B3%E3%83%91%E3%82%A4" dan="16,17,17,16" rate="2057.42,2163.15,2179.91,2067.92" sx="F,M,M,M"/><TAIKYOKU oya="0"/><INIT seed="0,0,0,5,0,126" ten="250,250,250,250" oya="0" hai0="74,76,90,22,28,40,80,49,44,120,26,129,18" hai1="128,133,108,92,59,101,29,112,62,67,88,68,121" hai2="123,50,2,35,113,109,19,20,34,53,66,86,96" hai3="8,94,27,111,24,72,13,63,97,38,99,15,105"/><T55/><D120/><U7/><E121/><V23/><F123/><W10/><G63/><T118/><D118/><U9/><E108/><V17/><F66/><W57/><G94/><T100/><D100/><U33/><E133/><V42/><F2/><W81/><G81/><T47/><D90/><U30/><E112/><V116/><F109/><W43/><G57/><T87/><D74/><U32/><E101/><V46/><F96/><W65/><G65/><T110/><D110/><U135/><E135/><V127/><F127/><W48/><G48/><T107/><D107/><U61/><E128/><V36/><F113/><W132/><G111/><T4/><D4/><U134/><E134/><V95/><F116/><W91/><G91/><T125/><D125/><U52/><E33/><V31/><F31/><W115/><G115/><T58/><D129/><U85/><REACH who="1" step="1"/><E32/><REACH who="1" ten="250,240,250,250" step="2"/><V51/><F34/><W131/><G132/><T77/><D77/><U3/><AGARI ba="0,1" hai="3,7,9,29,30,52,59,61,62,67,68,85,88,92" machi="3" ten="20,12000,2" yaku="1,1,2,1,0,1,7,1,54,2,53,1" doraHai="126" doraHaiUra="1" who="1" fromWho="1" sc="250,-60,240,130,250,-30,250,-30" /><INIT seed="1,0,0,5,2,96" ten="190,370,220,220" oya="1" hai0="11,47,53,92,115,60,16,63,56,121,14,62,97" hai1="22,116,69,52,83,23,80,86,90,68,108,36,8" hai2="123,3,132,12,43,55,84,30,114,65,72,89,13" hai3="81,34,85,41,33,39,46,127,104,110,107,35,38"/><U91/><E116/><V101/><F123/><W21/><G110/><T134/><D121/><U120/><E120/><V17/><F3/><W1/><G1/><T99/><D134/><U79/><E36/><V71/><F72/><W76/><G127/><T50/><D115/><U117/><E117/><V94/><F132/><W18/><REACH who="3" step="1"/><G39/><REACH who="3" ten="190,370,220,210" step="2"/><T105/><D105/><U15/><E108/><V82/><F114/><W27/><AGARI ba="0,1" hai="18,21,27,33,34,35,38,41,46,76,81,85,104,107" machi="27" ten="30,4000,0" yaku="1,1,2,1,0,1,53,0" doraHai="96" doraHaiUra="118" who="3" fromWho="3" sc="190,-10,370,-20,220,-10,210,50" /><INIT seed="2,0,0,0,5,61" ten="180,350,210,260" oya="2" hai0="92,105,73,23,34,65,56,121,11,98,50,33,71" hai1="66,85,26,52,38,128,51,8,125,134,124,10,75" hai2="28,126,130,116,15,24,110,132,82,62,19,120,104" hai3="107,103,96,37,129,118,44,114,69,112,80,81,4"/><V29/><F116/><W70/><G118/><T54/><D105/><U111/><E38/><V25/><F120/><W99/><G4/><T68/><D73/><U46/><E75/><V17/><F104/><W60/><G129/><T45/><D121/><U13/><E128/><V3/><F130/><W9/><G9/><T78/><D78/><U95/><E111/><V119/><F119/><W31/><G31/><T30/><D11/><U84/><E134/><V36/><F36/><W6/><G6/><T117/><D117/><U27/><E10/><V79/><F3/><W127/><G127/><N who="1" m="48714" /><E66/><V35/><F126/><W76/><G76/><T22/><D22/><U93/><E93/><V102/><F102/><W32/><G32/><T115/><D115/><N who="3" m="44073" /><G96/><T42/><D34/><U123/><E123/><V131/><F131/><W63/><G63/><N who="0" m="38119" /><D33/><U90/><E85/><V83/><F132/><W77/><G77/><T100/><D42/><U16/><AGARI ba="0,0" hai="8,13,16,26,27,46,51,52,84,90,95" m="48714" machi="16" ten="30,4000,0" yaku="18,1,54,2" doraHai="61" who="1" fromWho="1" sc="180,-10,350,40,210,-20,260,-10" /><INIT seed="3,0,0,2,0,102" ten="170,390,190,250" oya="3" hai0="9,35,72,131,39,73,122,10,14,120,97,89,36" hai1="57,76,130,30,74,77,62,118,41,94,112,86,109" hai2="92,25,6,85,5,80,22,38,107,65,3,12,87" hai3="13,133,0,88,15,52,129,23,82,68,33,105,117"/><W90/><G33/><T128/><D14/><U49/><E112/><V70/><F38/><W116/><G0/><T69/><D97/><U96/><E74/><V44/><F3/><W31/><G68/><T132/><D69/><U78/><E109/><V48/><F70/><W8/><G117/><T54/><D54/><U1/><E1/><V135/><F65/><W63/><G116/><T55/><D55/><U84/><E118/><V16/><F135/><W43/><G43/><T110/><D89/><N who="3" m="34409" /><G105/><T127/><D35/><U93/><E130/><V45/><F107/><W81/><G129/><T100/><D132/><U59/><E30/><V64/><F64/><W123/><G123/><T111/><REACH who="0" step="1"/><D127/><REACH who="0" ten="160,390,190,250" step="2"/><U119/><E119/><V34/><F34/><W134/><G134/><T115/><D115/><U61/><E96/><V126/><F126/><W71/><G71/><T103/><AGARI ba="0,1" hai="9,10,36,39,72,73,100,103,110,111,120,122,128,131" machi="103" ten="25,6400,0" yaku="1,1,0,1,22,2,53,0" doraHai="102" doraHaiUra="24" who="0" fromWho="0" sc="160,74,390,-16,190,-16,250,-32" /><INIT seed="4,0,0,2,1,15" ten="234,374,174,218" oya="0" hai0="125,31,96,76,134,124,47,88,23,9,55,38,86" hai1="108,95,48,6,119,58,127,2,77,46,22,135,117" hai2="105,41,62,20,37,109,18,4,57,115,28,131,32" hai3="102,8,36,63,104,132,42,74,64,111,123,75,11"/><T24/><D134/><U21/><E135/><V89/><F109/><W52/><G132/><T25/><D9/><U128/><E108/><V40/><F105/><W112/><G111/><T126/><D76/><U33/><E33/><V30/><F115/><W78/><G112/><T94/><D25/><U54/><E128/><V79/><F79/><W106/><G104/><T7/><D7/><U44/><E127/><V65/><F4/><W16/><G11/><T80/><D55/><U118/><E77/><V70/><F131/><W120/><G78/><T45/><REACH who="0" step="1"/><D38/><REACH who="0" ten="224,374,174,218" step="2"/><U81/><E6/><V50/><F37/><W121/><G52/><T103/><AGARI ba="0,1" hai="23,24,31,45,47,80,86,88,94,96,103,124,125,126" machi="103" ten="30,18000,2" yaku="1,1,2,1,0,1,18,1,54,1,53,1" doraHai="15" doraHaiUra="99" who="0" fromWho="0" sc="224,190,374,-60,174,-60,218,-60" /><INIT seed="4,1,0,4,1,102" ten="414,314,114,158" oya="0" hai0="110,55,127,72,58,118,73,14,69,43,135,75,98" hai1="21,12,119,62,129,107,76,103,100,87,17,10,38" hai2="105,134,109,18,114,61,120,125,126,91,16,84,47" hai3="80,99,6,41,44,34,106,111,48,68,130,113,49"/><T88/><D118/><U3/><E119/><V115/><F109/><W5/><G68/><T108/><D69/><U79/><E38/><V123/><F61/><W122/><G34/><T13/><D127/><N who="2" m="48650" /><F47/><W1/><G111/><N who="0" m="42539" /><D43/><U2/><E129/><V112/><F134/><W31/><G31/><T94/><D135/><U39/><E39/><V77/><F77/><W40/><G130/><T131/><D131/><U101/><E107/><V50/><F50/><AGARI ba="1,0" hai="13,14,50,55,58,72,73,75,88,94,98" m="42539" machi="50" ten="40,3900,0" yaku="10,1,54,1" doraHai="102" who="0" fromWho="2" sc="414,42,314,0,114,-42,158,0" /><INIT seed="4,2,0,4,2,48" ten="456,314,72,158" oya="0" hai0="132,76,61,6,43,29,23,79,2,82,9,31,45" hai1="60,38,124,74,94,133,112,41,89,128,33,36,55" hai2="7,91,96,98,18,135,28,134,46,115,53,17,81" hai3="62,11,37,8,14,120,39,56,116,90,25,47,109"/><T92/><D132/><N who="2" m="50730" /><F115/><W99/><G116/><T69/><D92/><U118/><E133/><V130/><F130/><W19/><G109/><T49/><D79/><U21/><E112/><V58/><F46/><W22/><G120/><T16/><D61/><U15/><E128/><V3/><F28/><W51/><G39/><T70/><D70/><U88/><E33/><V67/><F67/><W122/><G37/><T106/><D106/><U4/><E74/><V102/><F91/><W10/><G122/><T65/><D65/><U110/><E110/><V114/><F81/><W73/><G73/><T26/><D69/><U104/><E104/><N who="2" m="63559" /><F98/><W108/><G108/><T66/><D66/><U121/><E121/><V64/><F64/><N who="3" m="38983" /><G99/><T32/><D32/><U83/><E83/><V44/><F44/><W54/><G90/><T119/><D119/><U30/><E118/><V125/><F125/><W95/><G95/><T103/><D103/><U35/><E124/><V80/><F80/><W52/><G54/><T27/><D26/><AGARI ba="2,0" hai="8,10,11,14,19,22,25,26,47,51,52" m="38983" machi="26" ten="30,3900,0" yaku="8,1,52,1,54,1" doraHai="48" who="3" fromWho="0" sc="456,-45,314,0,72,0,158,45" /><INIT seed="5,0,0,3,3,16" ten="411,314,72,203" oya="1" hai0="88,54,13,100,128,18,0,10,86,110,117,134,113" hai1="2,31,25,127,96,3,45,122,68,120,124,46,34" hai2="64,76,90,98,105,82,99,107,37,79,71,50,33" hai3="85,63,111,72,30,21,17,24,133,59,66,62,132"/><U81/><E68/><V126/><F37/><W47/><G72/><T41/><D110/><U84/><E96/><N who="2" m="36907" /><F50/><W49/><G111/><T73/><D73/><U104/><E104/><N who="2" m="40011" /><F64/><W26/><G85/><T95/><D117/><U94/><E94/><V93/><F33/><W53/><REACH who="3" step="1"/><G62/><REACH who="3" ten="411,314,72,193" step="2"/><T36/><D86/><U1/><E84/><N who="2" m="52423" /><F126/><N who="1" m="48169" /><E81/><V7/><F7/><W103/><G103/><T6/><D100/><U65/><E65/><V11/><F71/><W19/><G19/><T114/><D18/><U123/><AGARI ba="0,1" hai="1,2,3,25,31,34,45,46,120,122,123" m="48169" machi="123" ten="50,2400,0" yaku="18,1" doraHai="16" who="1" fromWho="1" sc="411,-8,314,34,72,-8,193,-8" /><INIT seed="5,1,0,3,1,55" ten="403,348,64,185" oya="1" hai0="51,111,47,101,22,48,70,119,115,52,79,97,98" hai1="56,131,17,127,122,60,57,96,28,9,19,41,94" hai2="102,33,113,10,21,34,24,132,66,135,76,13,123" hai3="112,75,92,2,68,78,26,15,27,124,128,25,80"/><U90/><E122/><V44/><F76/><W0/><G68/><T42/><D111/><U30/><E131/><V53/><F102/><W20/><G128/><T83/><D70/><U11/><E127/><V43/><F66/><W8/><G124/><T87/><D119/><U14/><E41/><V36/><F123/><W16/><G112/><T74/><D115/><U40/><E40/><V31/><F113/><W64/><G64/><T107/><D97/><U121/><E121/><V116/><F116/><W93/><REACH who="3" step="1"/><G8/><REACH who="3" ten="403,348,64,175" step="2"/><T105/><D105/><U82/><E11/><V50/><F132/><W12/><G12/><T72/><D22/><U104/><E104/><V46/><REACH who="2" step="1"/><F135/><REACH who="2" ten="403,348,54,175" step="2"/><W103/><G103/><T108/><D108/><U126/><E126/><V58/><F58/><AGARI ba="1,2" hai="42,47,48,51,52,58,72,74,79,83,87,98,101,107" machi="58" ten="30,3900,0" yaku="7,1,52,1,54,1" doraHai="55" who="0" fromWho="2" sc="403,62,348,0,54,-42,175,0" /><INIT seed="6,0,0,2,1,29" ten="465,348,12,175" oya="2" hai0="92,101,69,100,130,7,19,23,124,0,52,12,125" hai1="2,14,99,25,119,95,70,123,94,62,83,61,59" hai2="86,107,15,11,26,49,67,68,31,82,76,13,75" hai3="41,56,96,108,85,24,47,91,43,10,120,40,50"/><V121/><F121/><W33/><G120/><T77/><D69/><U54/><E123/><V89/><F107/><W104/><G108/><T8/><D77/><U28/><E119/><V45/><F67/><W42/><G104/><T17/><D130/><U27/><E2/><V131/><F68/><W60/><G96/><T65/><D65/><U5/><E83/><V22/><F131/><W122/><G122/><T39/><D39/><U127/><E127/><N who="0" m="48713" /><D92/><U4/><E70/><V57/><F57/><W80/><G10/><N who="0" m="6295" /><D52/><U51/><E14/><AGARI ba="0,0" hai="0,7,8,14,19,23,100,101" m="6295,48713" machi="14" ten="30,1000,0" yaku="18,1" doraHai="29" who="0" fromWho="1" sc="465,10,348,-10,12,0,175,0" /><INIT seed="7,0,0,4,1,120" ten="475,338,12,175" oya="3" hai0="33,58,70,30,76,37,15,69,82,12,18,94,8" hai1="40,2,77,90,21,48,116,61,41,75,50,135,130" hai2="36,86,111,97,17,122,32,123,118,11,25,113,28" hai3="74,63,56,78,127,112,64,114,109,96,3,54,60"/><W126/><G3/><T132/><D37/><U14/><E2/><V46/><F86/><W100/><G74/><T73/><D132/><U87/><E135/><V57/><F57/><W49/><G78/><T39/><D39/><U102/><E102/><V45/><F97/><W24/><G24/><T131/><D15/><U53/><E130/><V7/><F36/><W128/><G128/><T93/><D69/><U134/><E134/><V81/><F81/><W125/><G96/><T20/><D33/><U121/><E121/><N who="2" m="46091" /><F46/><W115/><G100/><T83/><D70/><U47/><E116/><V79/><F45/><W51/><G109/><T22/><D82/><U13/><E75/><V98/><F98/><W105/><REACH who="3" step="1"/><G105/><REACH who="3" ten="475,338,12,165" step="2"/><T16/><D76/><U68/><E77/><V95/><F79/><W117/><G117/><T38/><D73/><U5/><E14/><N who="2" m="5503" /><F118/><W67/><G67/><T65/><D65/><U55/><E13/><V42/><F42/><W66/><G66/><T29/><D131/><U101/><E101/><V133/><F133/><W9/><G9/><T31/><D8/><U103/><E103/><V59/><F113/><W108/><G108/><T44/><D12/><U107/><E107/><V43/><F111/><W19/><G19/><T84/><D18/><U119/><E119/><V35/><F43/><W62/><G62/><T34/><D16/><U91/><E61/><V26/><F95/><W4/><G4/><T124/><D93/><U71/><E5/><V10/><F10/><W99/><G99/><T80/><D94/><U89/><E41/><V104/><F104/><RYUUKYOKU ba="0,1" sc="475,-10,338,-10,12,-10,165,30" hai3="49,51,54,56,60,63,64,112,114,115,125,126,127" /><INIT seed="7,1,1,0,2,70" ten="465,328,2,195" oya="3" hai0="74,83,2,30,26,44,62,13,125,114,76,9,135" hai1="53,112,100,48,80,73,130,4,40,28,49,5,12" hai2="25,7,36,122,32,111,54,126,96,98,128,87,115" hai3="82,61,29,19,77,52,71,94,104,116,50,27,0"/><W35/><G104/><T14/><D125/><U118/><E112/><V20/><F7/><W17/><G116/><T8/><D135/><U89/><E118/><V108/><F20/><W92/><G0/><T84/><D2/><U107/><E130/><V38/><F25/><W75/><G71/><T131/><D62/><U90/><E12/><V15/><F15/><W51/><G51/><T132/><D74/><U123/><E40/><V6/><F6/><W117/><G61/><T39/><D39/><U37/><E80/><V81/><F81/><W41/><G41/><T103/><D103/><U88/><E100/><V72/><F87/><W65/><G65/><T3/><D44/><U64/><E90/><V124/><F72/><W133/><G133/><T66/><D132/><U109/><E73/><V67/><F67/><W24/><G117/><T79/><D3/><U34/><E64/><V86/><F86/><W69/><G69/><T85/><D85/><U78/><E109/><V120/><F32/><W23/><REACH who="3" step="1"/><G19/><REACH who="3" ten="465,328,2,185" step="2"/><N who="0" m="8615" /><D66/><U97/><E49/><V31/><F31/><W18/><G18/><T46/><D46/><AGARI ba="1,2" hai="17,23,24,27,29,35,46,50,52,75,77,82,92,94" machi="46" ten="30,11600,0" yaku="1,1,7,1,54,1,53,1" doraHai="70" doraHaiUra="16" who="3" fromWho="0" sc="465,-119,328,0,2,0,185,139" /><INIT seed="7,2,0,3,2,23" ten="346,328,2,324" oya="3" hai0="67,32,62,133,115,89,109,44,127,104,73,87,72" hai1="71,11,97,20,41,129,35,7,12,63,43,19,75" hai2="83,48,61,84,130,82,8,15,54,27,135,31,100" hai3="36,124,25,116,10,60,131,49,101,78,53,50,96"/><W69/><G116/><T111/><D44/><U114/><E35/><V134/><F130/><W76/><G36/><T94/><D115/><U90/><E75/><V128/><F128/><W65/><G131/><T102/><D32/><U106/><E129/><V21/><F135/><W119/><G119/><T56/><D127/><U38/><E114/><V33/><F134/><W110/><G124/><T86/><D133/><U112/><E112/><V66/><F100/><W113/><G113/><T13/><D13/><U117/><E117/><V95/><F33/><W88/><G50/><T26/><D86/><U81/><E38/><V14/><F61/><W47/><G110/><T4/><D4/><U9/><E9/><V37/><F66/><W3/><G88/><T46/><D109/><U28/><E28/><V68/><F68/><W5/><REACH who="3" step="1"/><G25/><REACH who="3" ten="346,328,2,314" step="2"/><T85/><D26/><U118/><E118/><V45/><F37/><W57/><G57/><T108/><D111/><U42/><E71/><V103/><F15/><W79/><G79/><T125/><D108/><U52/><E106/><AGARI ba="2,1" hai="3,5,10,47,49,53,60,65,69,76,78,96,101,106" machi="106" ten="30,2900,0" yaku="1,1,7,1,53,0" doraHai="23" doraHaiUra="55" who="3" fromWho="1" sc="346,0,328,-35,2,0,314,45" owari="346,15.0,293,-11.0,2,-50.0,359,46.0" /></mjloggm>