<mjloggm ver="2.3"><GO type="169" lobby="0"/><UN n0="%5F%76%69%6F%6C%61%5F" n1="%4B%2D%4D%2D%42" n2="%E6%84%9A%E5%BD%A2%E3%81%AE%E6%84%9A%E5%85%84" n3="%E3%83%A9%E3%83%96%E3%83%AC%E3%83%BC" dan="17,16,17,16" rate="2143.95,2092.19,2137.21,2173.76" sx="M,M,M,M"/><TAIKYOKU oya="0"/><INIT seed="0,0,0,3,0,0" ten="250,250,250,250" oya="0" hai0="24,92,104,96,74,128,90,28,121,109,76,98,113" hai1="130,81,12,115,35,111,56,122,82,9,118,53,77" hai2="13,16,69,116,27,95,63,42,86,41,43,25,58" hai3="10,87,30,100,15,83,39,45,34,54,84,22,62"/><T103/><D113/><U38/><E118/><V17/><F69/><W75/><G34/><T126/><D121/><U49/><E122/><V80/><F95/><W119/><G119/><T94/><D128/><U106/><E111/><V133/><F133/><W73/><G100/><T114/><D114/><U70/><E130/><V51/><F51/><W1/><G1/><T71/><D71/><U7/><E115/><V21/><F17/><W127/><G87/><T125/><D109/><U36/><E35/><V32/><F32/><W19/><G127/><N who="0" m="48651" /><D24/><U97/><E70/><V50/><F50/><N who="3" m="29007" /><G62/><T29/><D29/><U124/><E124/><V61/><F116/><W85/><G39/><T102/><D28/><U59/><E82/><V11/><F63/><W66/><G66/><T72/><D76/><U88/><E59/><V48/><F48/><W20/><G75/><T105/><D105/><U60/><E60/><V135/><F135/><W110/><G73/><T44/><D44/><U47/><E47/><V64/><REACH who="2" step="1"/><F21/><REACH who="2" ten="250,250,240,250" step="2"/><W131/><G22/><T79/><D79/><AGARI ba="0,1" hai="11,13,16,25,27,41,42,43,58,61,64,79,80,86" machi="79" ten="40,8000,1" yaku="1,1,2,1,8,1,54,1,53,1" doraHai="0" doraHaiUra="78" who="2" fromWho="0" sc="250,-80,250,0,240,90,250,0" /><INIT seed="1,0,0,3,1,93" ten="170,250,330,250" oya="1" hai0="112,33,115,85,9,114,35,132,1,37,57,120,107" hai1="46,98,22,130,113,49,41,127,38,8,65,19,43" hai2="10,34,135,110,12,62,47,86,119,102,55,42,100" hai3="84,70,106,122,45,5,76,32,128,28,74,81,26"/><U69/><E113/><V29/><F119/><W24/><G122/><T97/><D57/><U4/><E127/><V73/><F73/><W92/><G70/><T56/><D56/><U91/><E130/><V95/><F110/><W54/><G128/><T17/><D85/><U116/><E116/><V124/><F135/><W121/><G121/><T71/><D120/><U111/><E111/><V36/><F29/><W80/><G106/><T83/><D83/><U11/><E38/><V61/><F34/><W89/><G5/><N who="0" m="1199" /><D17/><U21/><E69/><V60/><F55/><W126/><G126/><T13/><D13/><N who="1" m="9455" /><E65/><V66/><F66/><W30/><G74/><T133/><D71/><U0/><E0/><V79/><F124/><W78/><G81/><T39/><D35/><U77/><E77/><V117/><F117/><W101/><G78/><T3/><D3/><U87/><E22/><V134/><F134/><N who="0" m="51818" /><D33/><U23/><E23/><V31/><F79/><W103/><G80/><T6/><D6/><U40/><E4/><V123/><F123/><W90/><G76/><T52/><D52/><N who="1" m="29751" /><E87/><V51/><F86/><W131/><G84/><T59/><D59/><U129/><E129/><V75/><F75/><W88/><G131/><T105/><D105/><U58/><E58/><V44/><F44/><W25/><G32/><T27/><D27/><U18/><E18/><V104/><F104/><W53/><G45/><T96/><D107/><U64/><E64/><V108/><F47/><W99/><G54/><T16/><D16/><U125/><E125/><V94/><F108/><W15/><G53/><RYUUKYOKU ba="0,0" sc="170,15,250,15,330,-15,250,-15" hai0="37,39,96,97,112,114,115" hai1="8,11,40,41,43,91,98" /><INIT seed="1,1,0,4,0,116" ten="185,265,315,235" oya="1" hai0="70,124,77,7,16,47,60,78,56,39,36,119,37" hai1="29,55,45,10,30,83,44,133,131,101,130,88,5" hai2="42,120,14,2,106,92,50,71,18,117,97,9,57" hai3="62,90,87,6,17,123,102,134,114,121,76,49,96"/><U85/><E133/><V113/><F117/><W67/><G114/><T132/><D7/><U69/><E101/><V135/><F71/><W51/><G134/><T46/><D119/><U4/><E69/><V20/><F113/><W91/><G6/><T68/><D132/><U22/><E5/><V33/><F33/><W82/><G17/><T75/><D75/><U40/><E55/><V53/><F135/><W12/><G12/><T59/><D16/><U115/><E115/><V108/><F108/><W72/><G90/><T64/><D124/><U15/><E45/><N who="0" m="16905" /><D78/><U93/><E83/><V31/><F2/><W111/><G111/><T74/><D77/><U0/><E0/><V110/><F110/><W89/><G89/><T28/><D28/><U109/><E109/><V79/><F79/><W63/><G51/><T41/><D74/><U104/><E104/><V58/><F42/><W80/><G49/><T84/><D84/><U54/><E54/><V95/><F95/><W8/><G8/><T11/><D11/><U35/><E35/><V112/><F112/><W19/><G19/><T3/><D3/><U21/><E30/><V73/><F73/><W125/><G125/><T81/><D81/><U26/><REACH who="1" step="1"/><E22/><REACH who="1" ten="185,255,315,235" step="2"/><V13/><F31/><W118/><G118/><T100/><D100/><U66/><E66/><V23/><F23/><W38/><G82/><T122/><D70/><U25/><E25/><V52/><F20/><W129/><G72/><T27/><D27/><U32/><E32/><V94/><F106/><N who="3" m="63815" /><G76/><T127/><D127/><U128/><E128/><V126/><F126/><RYUUKYOKU ba="1,1" sc="185,-10,255,30,315,-10,235,-10" hai1="4,10,15,21,26,29,40,44,85,88,93,130,131" /><INIT seed="1,2,1,3,1,96" ten="175,285,305,225" oya="1" hai0="110,83,62,94,41,37,5,34,101,117,55,127,18" hai1="26,39,4,88,95,7,93,108,30,48,84,121,14" hai2="100,109,89,86,46,13,90,11,57,61,40,75,133" hai3="116,91,129,52,81,60,124,51,49,123,113,135,73"/><U64/><E121/><V2/><F2/><W70/><G81/><T35/><D117/><U99/><E39/><V23/><F133/><W114/><G91/><T102/><D110/><U15/><E108/><V58/><F75/><W24/><G24/><T74/><D5/><N who="1" m="2123" /><E64/><V59/><F109/><W19/><G19/><T134/><D41/><U54/><E26/><V21/><F61/><W69/><G73/><T72/><D37/><U8/><E30/><V66/><F66/><W25/><G25/><T53/><D134/><U131/><E131/><V71/><F71/><W82/><G82/><T33/><D94/><U119/><E119/><V77/><F77/><W56/><G116/><T85/><D18/><U31/><E31/><V103/><F46/><W16/><G135/><T1/><D1/><U28/><E8/><V80/><F40/><W38/><G16/><T118/><D118/><U36/><E36/><V50/><F50/><N who="3" m="18955" /><G38/><T128/><D128/><U29/><E29/><V115/><F115/><N who="3" m="44043" /><G129/><T98/><D74/><U20/><E20/><N who="2" m="7755" /><F11/><W65/><G123/><T87/><D72/><U78/><E28/><V10/><F10/><W112/><N who="3" m="44051" /><W104/><DORA hai="76" /><G104/><T27/><D27/><U126/><E78/><N who="2" m="46359" /><F13/><W120/><G120/><T42/><D35/><U6/><E6/><V122/><F122/><W32/><G32/><T3/><D3/><U63/><E14/><V111/><F111/><W105/><G105/><T125/><D83/><U68/><E15/><V44/><F44/><W17/><G17/><T47/><D47/><U132/><E132/><V67/><F67/><RYUUKYOKU ba="2,1" sc="175,-10,285,-10,305,30,225,-10" hai2="57,58,59,89,90,100,103" /><INIT seed="2,3,1,2,4,37" ten="165,275,335,215" oya="2" hai0="71,125,77,113,0,122,51,129,111,128,67,98,11" hai1="105,32,81,6,89,2,109,107,35,39,126,61,1" hai2="99,72,131,86,3,18,5,69,88,117,41,31,97" hai3="12,65,79,25,14,55,9,4,8,82,16,132,78"/><V114/><F117/><W85/><G132/><T124/><D77/><U43/><E89/><V106/><F114/><W63/><G25/><T46/><D98/><U90/><E90/><V20/><F69/><W116/><G116/><T21/><D113/><U130/><E109/><V133/><F72/><W127/><G127/><N who="0" m="48715" /><D21/><U70/><E126/><V19/><F133/><W26/><G26/><T33/><D33/><N who="1" m="12875" /><E81/><V49/><F3/><N who="1" m="1033" /><E6/><V30/><F5/><W80/><G55/><N who="0" m="30199" /><D11/><U93/><E93/><N who="2" m="54423" /><F131/><N who="0" m="50250" /><D0/><U7/><E7/><V40/><F106/><W123/><G123/><T45/><D122/><U38/><E130/><V135/><F18/><W101/><G101/><T92/><D92/><U76/><E76/><V13/><F99/><W54/><G79/><T29/><D29/><U104/><E43/><N who="2" m="16459" /><F97/><W100/><G78/><T94/><D94/><U119/><E119/><V10/><F10/><W23/><G9/><T22/><D22/><U134/><E134/><V74/><F74/><W36/><G23/><T58/><D111/><U68/><E68/><V59/><F135/><W120/><G8/><T95/><D95/><U121/><E121/><V50/><F59/><W60/><G4/><T115/><D115/><U42/><E42/><V110/><F110/><W112/><G112/><T48/><D71/><U53/><E70/><V62/><F62/><W83/><G63/><N who="0" m="38391" /><D45/><U84/><E84/><V52/><F30/><W44/><G120/><T24/><D48/><N who="2" m="18538" /><F31/><W102/><G44/><T87/><D87/><U103/><E103/><V47/><F47/><W73/><G102/><T91/><D24/><RYUUKYOKU ba="3,1" sc="165,10,275,10,335,10,215,-30" hai0="91" hai1="38,39,53,61,104,105,107" hai2="13,19,20,52" /><INIT seed="2,4,1,3,1,60" ten="175,285,345,185" oya="2" hai0="115,2,93,111,52,75,85,101,37,103,73,83,41" hai1="131,18,135,81,30,133,102,116,14,12,19,45,91" hai2="58,67,47,78,68,1,122,29,129,39,65,42,38" hai3="43,69,84,6,3,59,10,66,36,95,100,89,94"/><V63/><F1/><W17/><G69/><T27/><D115/><U118/><E102/><V40/><F29/><W55/><G17/><N who="1" m="6154" /><E45/><N who="2" m="23767" /><F78/><W128/><G128/><T21/><D2/><U87/><E30/><V123/><F129/><W105/><G105/><T24/><D41/><U35/><E35/><V77/><F77/><W70/><G70/><T7/><D37/><U79/><E79/><V121/><F68/><W74/><G74/><T50/><D7/><U134/><E131/><V61/><F61/><W97/><G36/><T25/><D21/><U130/><E130/><V46/><F46/><W5/><G43/><T104/><D104/><U28/><E28/><V106/><F106/><W109/><G6/><T16/><D16/><U113/><E113/><V8/><F8/><W120/><G5/><T20/><D20/><U11/><E11/><V92/><F92/><W51/><G10/><T62/><D75/><U54/><E54/><AGARI ba="4,1" hai="39,40,47,54,58,63,65,67,121,122,123" m="23767" machi="54" ten="30,11600,0" yaku="34,2,52,2" doraHai="60" who="2" fromWho="1" sc="175,0,285,-128,345,138,185,0" /><INIT seed="2,5,0,3,4,25" ten="175,157,483,185" oya="2" hai0="21,125,80,106,49,84,78,66,62,67,19,36,10" hai1="26,77,24,104,124,117,122,101,38,11,22,8,33" hai2="111,40,46,71,54,65,35,96,0,15,89,1,30" hai3="6,50,95,34,27,61,110,12,105,83,43,100,31"/><V87/><F15/><W85/><G110/><T52/><D36/><U57/><E38/><V133/><F54/><W135/><G135/><T126/><D106/><U28/><E117/><V81/><F133/><W127/><G127/><N who="0" m="48651" /><D10/><U115/><E115/><V56/><F56/><W68/><G12/><N who="0" m="9447" /><D62/><U60/><E122/><V55/><F55/><W51/><G6/><T5/><D5/><U18/><E124/><V107/><F40/><W97/><G43/><T3/><D3/><U4/><E77/><V64/><F46/><AGARI ba="5,0" hai="46,49,52,66,67,78,80,84" m="9447,48651" machi="46" ten="30,2000,0" yaku="18,1,54,1" doraHai="25" who="0" fromWho="2" sc="175,35,157,0,483,-35,185,0" /><INIT seed="3,0,0,5,2,127" ten="210,157,448,185" oya="3" hai0="70,80,36,134,28,43,55,34,32,72,1,102,130" hai1="89,0,82,117,4,24,64,27,110,54,88,135,71" hai2="9,111,103,53,17,2,63,14,51,31,81,91,62" hai3="33,25,87,30,92,84,41,45,66,94,65,44,39"/><W128/><G45/><T26/><D55/><U76/><E0/><V96/><F111/><W115/><G115/><T97/><D134/><U112/><E112/><V58/><F31/><W106/><G106/><N who="0" m="63823" /><D1/><U49/><E71/><V119/><F119/><W121/><G121/><T120/><D120/><U99/><E64/><V123/><F2/><W61/><G66/><T116/><D116/><U83/><E4/><V79/><F91/><W95/><REACH who="3" step="1"/><G128/><REACH who="3" ten="210,157,448,175" step="2"/><T90/><D130/><U74/><E117/><V114/><F123/><W11/><G11/><T7/><D36/><U109/><E135/><V22/><F9/><W37/><G37/><T122/><D122/><U118/><E118/><V101/><F114/><W8/><G8/><T75/><D43/><U113/><E113/><V93/><F101/><W15/><G15/><T16/><D7/><U50/><E110/><V105/><F105/><W107/><G107/><T77/><D26/><U108/><E109/><V18/><F18/><W6/><G6/><T52/><D16/><U46/><E108/><V129/><F129/><W124/><G124/><T67/><D67/><U59/><E99/><V29/><F29/><W126/><G126/><T104/><D28/><U57/><E46/><V73/><AGARI ba="0,1" hai="14,17,22,51,53,58,62,63,73,79,81,93,96,103" machi="73" ten="20,1500,0" yaku="0,1,7,1" doraHai="127" who="2" fromWho="2" sc="210,-4,157,-4,448,25,175,-7" /><INIT seed="4,0,0,4,0,122" ten="206,153,473,168" oya="0" hai0="8,5,114,35,12,49,14,117,11,74,133,64,73" hai1="113,77,85,1,24,43,56,91,67,48,3,78,10" hai2="106,103,132,42,46,121,76,47,41,88,13,7,36" hai3="126,22,17,100,101,66,26,25,65,32,34,98,102"/><T71/><D114/><U89/><E113/><V52/><F132/><W69/><G69/><T130/><D133/><U0/><E10/><V79/><F103/><W16/><G98/><T53/><D35/><N who="3" m="13353" /><G22/><T15/><D64/><N who="3" m="24681" /><G126/><T105/><D105/><U124/><E124/><V123/><F106/><W29/><G29/><T104/><D71/><U108/><E24/><AGARI ba="0,0" hai="16,17,24,25,26,100,101,102" m="24681,13353" machi="24" ten="40,5200,0" yaku="28,2,54,1" doraHai="122" who="3" fromWho="1" sc="206,0,153,-52,473,0,168,52" /><INIT seed="5,0,0,1,3,135" ten="206,101,473,220" oya="1" hai0="130,41,53,87,6,13,96,58,123,49,23,128,32" hai1="111,12,62,42,77,56,14,76,66,97,100,30,89" hai2="29,112,99,106,28,67,59,85,83,21,7,98,55" hai3="133,39,24,31,93,16,90,121,84,131,104,10,125"/><U103/><E111/><V61/><F106/><W37/><G104/><T40/><D32/><U102/><E30/><N who="2" m="11883" /><F7/><W45/><G121/><T50/><D123/><U33/><E33/><V34/><F34/><W92/><G133/><T0/><D0/><U132/><E132/><V110/><F112/><W20/><G131/><N who="0" m="50219" /><D96/><U109/><E109/><V22/><F55/><W68/><G68/><T17/><D6/><U72/><E42/><N who="0" m="16489" /><D87/><U124/><E124/><V9/><F9/><W19/><G125/><T120/><D120/><U126/><E126/><V94/><F99/><W43/><G39/><T60/><AGARI ba="0,0" hai="13,17,23,49,50,53,58,60" m="16489,50219" machi="60" ten="30,1100,0" yaku="19,1" doraHai="135" who="0" fromWho="0" sc="206,11,101,-5,473,-3,220,-3" /><INIT seed="6,0,0,2,3,114" ten="217,96,470,217" oya="2" hai0="102,16,26,59,92,47,12,31,65,81,130,13,135" hai1="116,74,33,38,97,50,22,57,99,124,6,119,48" hai2="95,66,20,15,79,100,3,62,134,68,120,112,49" hai3="110,2,82,75,107,35,39,61,8,55,111,56,54"/><V40/><F120/><W127/><G107/><T18/><D130/><U60/><E33/><V42/><F112/><W67/><G35/><T83/><D135/><U24/><E38/><V88/><F3/><W25/><G25/><T93/><D47/><U105/><E74/><V32/><F32/><W94/><G94/><N who="0" m="36459" /><D102/><U133/><E133/><V4/><F79/><W58/><G39/><T41/><D41/><U106/><E6/><V23/><F100/><W126/><G8/><N who="0" m="6151" /><D26/><U109/><E109/><V69/><F69/><W73/><G2/><T11/><D31/><U98/><E124/><V27/><F49/><W77/><G75/><T78/><D78/><U71/><E71/><V86/><F134/><W76/><G76/><T45/><D45/><U90/><E90/><V44/><F44/><W87/><G73/><T17/><D18/><U125/><E125/><N who="3" m="47626" /><G67/><T131/><D131/><U121/><E121/><V28/><F4/><W63/><AGARI ba="0,0" hai="54,55,56,58,61,63,77,82,87,110,111" m="47626" machi="63" ten="30,1100,0" yaku="18,1" doraHai="114" who="3" fromWho="3" sc="217,-3,96,-3,470,-5,217,11" /><INIT seed="7,0,0,4,2,16" ten="214,93,465,228" oya="3" hai0="128,123,2,39,7,60,65,25,84,69,49,48,88" hai1="105,8,114,122,72,106,13,77,19,21,29,68,97" hai2="119,79,101,61,5,95,18,83,116,64,118,56,36" hai3="134,85,33,107,110,62,45,59,47,99,14,28,135"/><W50/><G33/><T74/><D123/><U52/><E122/><V133/><F36/><W51/><G28/><T35/><D39/><U87/><E114/><V10/><F18/><W127/><G85/><T20/><D74/><U109/><E109/><V92/><F133/><N who="3" m="50699" /><G14/><T132/><D128/><U0/><E68/><V78/><F78/><W42/><G107/><T81/><D35/><U22/><E72/><V86/><REACH who="2" step="1"/><F101/><REACH who="2" ten="214,93,455,228" step="2"/><W131/><G110/><T130/><D132/><U111/><E111/><V113/><F113/><W46/><G131/><T6/><D130/><U100/><E105/><V44/><F44/><N who="3" m="25879" /><G127/><T67/><D7/><U89/><E77/><V37/><F37/><W73/><G73/><T108/><D108/><U12/><E0/><AGARI ba="0,1" hai="0,5,10,56,61,64,79,83,86,92,95,116,118,119" machi="0" ten="40,2600,0" yaku="1,1,53,1" doraHai="16" doraHaiUra="63" who="2" fromWho="1" sc="214,0,93,-26,455,36,228,0" owari="214,-19.0,67,-43.0,491,59.0,228,3.0" /></mjloggm>