<mjloggm ver="2.3"><GO type="169" lobby="0"/><UN n0="%E3%82%B0%E3%83%B3%E3%83%80%E3%83%AA%E3%83%BC" n1="%E5%8F%A4%E6%B2%B3%E6%B8%9A" n2="%69%50%68%6F%6E%65%31" n3="%6C%75%6E%61%32%33%34%35" dan="17,16,16,17" rate="2109.11,2181.69,2114.97,2121.78" sx="F,F,M,F"/><TAIKYOKU oya="0"/><INIT seed="0,0,0,5,5,127" ten="250,250,250,250" oya="0" hai0="119,94,104,134,35,122,1,27,114,60,117,54,74" hai1="77,61,36,97,34,46,59,52,101,103,8,9,129" hai2="68,66,14,56,39,71,3,102,4,118,16,55,21" hai3="113,5,99,11,86,84,12,133,121,109,128,69,110"/><T40/><D94/><U88/><E34/><V47/><F118/><W53/><G113/><T131/><D40/><U123/><E123/><V17/><F102/><W25/><G121/><T23/><D54/><U43/><E77/><V70/><F66/><W116/><G116/><T111/><D60/><U51/><E129/><V38/><F47/><W20/><G133/><T112/><D23/><U82/><E36/><V6/><F17/><W24/><G69/><T13/><D13/><U120/><E120/><V33/><F33/><W32/><G32/><T26/><D26/><U108/><E108/><V31/><F31/><W63/><G99/><T10/><D10/><N who="1" m="4203" /><E97/><V89/><F89/><W7/><G24/><T65/><D65/><U22/><E22/><V76/><F3/><W83/><G5/><T124/><D27/><U62/><E61/><V96/><F96/><W2/><G25/><T98/><D98/><U92/><E92/><V79/><F38/><W0/><G20/><T75/><D119/><U130/><E130/><V81/><F39/><W73/><G128/><T100/><D75/><U80/><E80/><V67/><F67/><W132/><G83/><T29/><D29/><U64/><E64/><V50/><REACH who="2" step="1"/><F76/><REACH who="2" ten="250,250,240,250" step="2"/><W72/><G0/><T49/><D100/><U30/><E30/><V19/><F19/><W48/><G2/><T125/><D124/><U106/><E106/><V95/><F95/><W28/><G28/><T126/><D126/><U78/><E78/><V115/><F115/><W18/><G18/><T135/><D114/><U58/><E58/><V37/><F37/><RYUUKYOKU ba="0,1" sc="250,-15,250,15,240,15,250,-15" hai1="43,46,51,52,59,62,82,88,101,103" hai2="4,6,14,16,21,50,55,56,68,70,71,79,81" /><INIT seed="1,1,1,4,1,88" ten="235,265,255,235" oya="1" hai0="15,37,6,127,95,133,114,14,79,58,73,0,23" hai1="8,129,55,124,40,45,120,96,54,64,30,112,52" hai2="108,135,16,57,17,104,34,3,131,77,89,12,117" hai3="125,103,109,100,47,39,24,49,101,97,26,19,29"/><U25/><E112/><V113/><F117/><W81/><G109/><T32/><D37/><U22/><E120/><V36/><F3/><W71/><G125/><T28/><D114/><U87/><E129/><V111/><F113/><W44/><G71/><T41/><D127/><U48/><E124/><V78/><F131/><W132/><G132/><T21/><D41/><U82/><E64/><V63/><F135/><W75/><G39/><T83/><D133/><U85/><E82/><V13/><F34/><W31/><G19/><T119/><D119/><U50/><E50/><V46/><F104/><W115/><G115/><T92/><D32/><U118/><E118/><V11/><F89/><W59/><G59/><T105/><D105/><U110/><E110/><N who="2" m="42027" /><F46/><W20/><G97/><T66/><D0/><U62/><E62/><V76/><F36/><W65/><G65/><T18/><D28/><U38/><E38/><V122/><F122/><W84/><G75/><T9/><REACH who="0" step="1"/><D23/><REACH who="0" ten="225,265,255,235" step="2"/><U123/><E123/><V67/><F78/><W56/><G29/><T128/><D128/><U74/><E74/><V70/><F70/><W121/><G121/><T126/><D126/><U4/><REACH who="1" step="1"/><E96/><REACH who="1" ten="225,255,255,235" step="2"/><V69/><F69/><W134/><G134/><T43/><D43/><U116/><E116/><V5/><F77/><W68/><G68/><T1/><D1/><AGARI ba="1,3" hai="1,4,8,22,25,30,40,45,48,52,54,55,85,87" machi="1" ten="40,3900,0" yaku="1,1,54,1,53,0" doraHai="88" doraHaiUra="94" who="1" fromWho="0" sc="225,-42,255,72,255,0,235,0" /><INIT seed="1,2,0,4,1,95" ten="183,327,255,235" oya="1" hai0="14,28,128,101,88,43,56,130,76,21,50,46,104" hai1="96,109,92,118,81,126,70,29,22,38,98,54,37" hai2="30,103,26,65,8,3,68,64,135,67,63,121,10" hai3="47,133,71,15,31,13,60,82,87,111,69,129,108"/><U93/><E118/><V79/><F135/><W127/><G133/><T117/><D76/><U2/><E2/><V74/><F121/><W27/><G127/><T34/><D117/><U19/><E70/><V6/><F10/><W39/><G129/><N who="0" m="49771" /><D34/><U32/><E126/><V78/><F78/><W0/><G0/><T77/><D77/><U73/><E29/><V115/><F115/><W7/><G39/><T105/><D101/><U5/><E32/><V59/><F79/><W116/><G47/><T61/><D88/><N who="1" m="55303" /><E73/><V131/><F131/><W25/><G31/><T80/><D80/><U18/><E38/><V83/><F83/><W120/><G82/><T66/><D14/><N who="1" m="9559" /><E37/><V110/><F74/><W125/><G125/><T24/><AGARI ba="2,0" hai="21,24,28,43,46,50,56,61,66,104,105" m="49771" machi="24" ten="30,1100,0" yaku="19,1" doraHai="95" who="0" fromWho="0" sc="183,17,327,-7,255,-5,235,-5" /><INIT seed="2,0,0,0,3,10" ten="200,320,250,230" oya="2" hai0="127,33,89,123,83,21,46,102,92,18,76,106,27" hai1="107,108,0,39,16,25,93,51,36,40,132,47,29" hai2="52,128,54,5,31,122,1,11,112,120,14,4,49" hai3="63,88,125,28,90,62,78,100,42,118,45,57,82"/><V104/><F128/><W85/><G125/><T20/><D127/><U48/><E107/><V114/><F104/><W65/><G118/><T66/><D123/><U94/><E0/><V70/><F70/><W2/><G2/><T50/><D66/><U91/><E108/><V135/><F135/><W60/><G100/><T6/><D33/><U53/><E132/><V101/><F101/><W97/><G28/><T56/><D106/><U34/><E94/><V96/><F96/><W134/><G134/><T37/><D37/><U98/><REACH who="1" step="1"/><E16/><REACH who="1" ten="200,310,250,230" step="2"/><V103/><F1/><W131/><G131/><T110/><D110/><U72/><E72/><V13/><F11/><W58/><G97/><T109/><D92/><U55/><E55/><V117/><F31/><W38/><REACH who="3" step="1"/><G62/><REACH who="3" ten="200,310,250,220" step="2"/><T126/><D109/><U73/><E73/><V44/><F117/><W15/><G15/><T7/><D126/><U129/><E129/><V17/><F14/><W22/><G22/><T99/><D21/><U86/><E86/><V41/><F13/><W9/><G9/><T124/><D124/><U35/><E35/><V74/><F74/><W87/><G87/><T19/><D20/><U12/><E12/><V26/><F122/><W69/><G69/><T64/><D6/><U3/><E3/><V32/><F120/><W95/><G95/><T79/><D7/><U30/><E30/><V68/><F4/><W121/><G121/><T75/><D75/><U111/><E111/><V105/><F5/><W116/><G116/><T24/><D99/><U43/><E43/><N who="2" m="24735" /><F105/><W61/><G61/><N who="0" m="37927" /><D18/><U77/><E77/><RYUUKYOKU ba="0,2" sc="200,-15,310,15,250,-15,220,15" hai1="25,29,34,36,39,40,47,48,51,53,91,93,98" hai3="38,42,45,57,58,60,63,65,78,82,85,88,90" /><INIT seed="3,1,2,5,2,110" ten="185,325,235,235" oya="3" hai0="128,119,31,58,85,78,33,125,121,19,13,59,89" hai1="46,38,5,96,118,54,132,81,90,6,74,77,70" hai2="68,102,80,48,117,105,45,106,47,113,123,27,116" hai3="44,71,15,43,14,9,100,2,39,104,23,91,12"/><W66/><G104/><T4/><D119/><U82/><E70/><V40/><F68/><W61/><G100/><T130/><D121/><U22/><E132/><V88/><F123/><W79/><G91/><T127/><D4/><U126/><E126/><N who="0" m="48137" /><D78/><U111/><E111/><V98/><F106/><W25/><G79/><T32/><D59/><U28/><E118/><V8/><F113/><W87/><G87/><T92/><D58/><U50/><E38/><V76/><F27/><W41/><G41/><T112/><D112/><U101/><E90/><V52/><F8/><W35/><G35/><N who="0" m="13387" /><D31/><U53/><E81/><V75/><REACH who="2" step="1"/><F88/><REACH who="2" ten="185,325,225,235" step="2"/><W97/><G97/><T42/><D42/><U7/><E96/><V17/><F17/><W18/><REACH who="3" step="1"/><G2/><REACH who="3" ten="185,325,225,225" step="2"/><T69/><D69/><U95/><E77/><V135/><F135/><W24/><G24/><T21/><AGARI ba="1,4" hai="13,19,21,85,89,92,128,130" m="13387,48137" machi="21" ten="40,1500,0" yaku="18,1" doraHai="110" who="0" fromWho="0" sc="185,58,325,-5,225,-5,225,-8" /><INIT seed="4,0,0,0,2,6" ten="243,320,220,217" oya="0" hai0="102,13,110,81,4,70,88,27,97,20,23,64,36" hai1="53,122,30,38,130,46,103,60,135,96,107,79,89" hai2="106,7,35,93,39,124,43,47,1,14,2,42,112" hai3="18,86,54,127,105,80,11,31,72,109,125,52,126"/><T117/><D117/><U87/><E122/><V21/><F106/><W94/><G109/><T22/><D110/><U123/><E123/><V78/><F35/><W121/><G121/><T132/><D36/><U83/><E135/><V115/><F43/><W34/><G105/><T104/><D132/><U61/><E130/><V41/><F41/><W16/><G94/><T101/><D70/><U99/><E38/><V28/><F78/><W19/><G72/><T29/><D64/><U56/><E46/><V67/><F67/><W58/><G58/><T65/><D65/><U5/><E30/><V25/><F93/><W91/><G11/><N who="0" m="4327" /><D104/><U90/><E96/><V59/><F59/><W76/><G76/><T108/><D108/><U68/><E68/><V116/><F124/><W44/><G44/><T55/><D55/><U71/><E5/><V49/><F39/><W131/><G131/><T85/><D97/><U32/><E32/><V51/><F51/><W63/><G63/><T48/><D48/><U118/><E118/><V114/><REACH who="2" step="1"/><F116/><REACH who="2" ten="243,320,210,217" step="2"/><W77/><G77/><T111/><D111/><U24/><E71/><V113/><N who="2" m="28672" /><DORA hai="119" /><V100/><F100/><AGARI ba="0,1" hai="20,22,23,27,29,81,85,88,100,101,102" m="4327" machi="100" ten="30,5800,0" yaku="8,1,52,1,54,1" doraHai="6,119" who="0" fromWho="2" sc="243,68,320,0,210,-58,217,0" /><INIT seed="4,1,0,5,0,40" ten="311,320,152,217" oya="0" hai0="128,15,77,82,19,38,71,17,74,116,121,25,7" hai1="83,104,100,99,115,13,89,91,22,8,110,123,92" hai2="3,26,111,80,108,23,113,29,135,81,31,20,21" hai3="88,6,124,42,130,59,96,10,73,105,98,14,66"/><T34/><D116/><U53/><E110/><V63/><F63/><W28/><G130/><T36/><D121/><U129/><E123/><V127/><F81/><W44/><G124/><T126/><D128/><U79/><E129/><V48/><F80/><W43/><G73/><T85/><D126/><U93/><E22/><V87/><F87/><W90/><G28/><T37/><D71/><U65/><E65/><V52/><F127/><W107/><G42/><T62/><D34/><U58/><E115/><V45/><F113/><W30/><G30/><T18/><D62/><U76/><E104/><V41/><F135/><W55/><G66/><T49/><D25/><U131/><E83/><V64/><F3/><W9/><G9/><T46/><D7/><N who="1" m="3231" /><E131/><V86/><F64/><W54/><G105/><T33/><D33/><U134/><E134/><V47/><F86/><W109/><G109/><T24/><D24/><U50/><E100/><V70/><F70/><W60/><G54/><T78/><D78/><U11/><E11/><V112/><F112/><W72/><G72/><T0/><D0/><U95/><E95/><V117/><F117/><W12/><G12/><T94/><D15/><U133/><E133/><V4/><F4/><W2/><G2/><T122/><D122/><U61/><E61/><V132/><F132/><W57/><G107/><T35/><D35/><U125/><E125/><V101/><F101/><W1/><G1/><T56/><D74/><U51/><E50/><N who="2" m="28751" /><F31/><W32/><G60/><T27/><D37/><U69/><E69/><V119/><F119/><W67/><G67/><RYUUKYOKU ba="1,0" sc="311,-15,320,15,152,15,217,-15" hai1="51,53,58,76,79,89,91,92,93,99" hai2="20,21,23,26,29,41,47,48,108,111" /><INIT seed="5,2,0,0,0,107" ten="296,335,167,202" oya="1" hai0="35,0,110,85,34,132,13,40,17,131,30,101,88" hai1="52,93,80,97,53,51,27,94,67,100,22,18,65" hai2="61,16,109,72,11,60,55,73,135,91,66,86,106" hai3="39,126,68,14,117,7,19,4,104,25,20,78,38"/><U31/><E53/><V41/><F109/><W26/><G104/><T119/><D110/><U82/><E93/><V83/><F106/><W43/><G68/><T6/><D119/><U95/><E94/><V123/><F123/><W29/><G126/><T57/><D40/><U47/><REACH who="1" step="1"/><E31/><REACH who="1" ten="296,325,167,202" step="2"/><V21/><F41/><W56/><G29/><T133/><D30/><U92/><E92/><V96/><F96/><W8/><G43/><T114/><D132/><U15/><E15/><V127/><F135/><W122/><G14/><T112/><D133/><U130/><E130/><V84/><F127/><W124/><G124/><T90/><D131/><U5/><E5/><V74/><F55/><W32/><G4/><T81/><D6/><U79/><E79/><V77/><F11/><W12/><G7/><T58/><D13/><U134/><E134/><V10/><F10/><W62/><G8/><T87/><D101/><U108/><E108/><V102/><F102/><W44/><G12/><T64/><D0/><U28/><E28/><V70/><F61/><W45/><G62/><T128/><D128/><U48/><E48/><V98/><F98/><W120/><G78/><T42/><D42/><U116/><E116/><V99/><F99/><W121/><G117/><T115/><D114/><U36/><E36/><V105/><F105/><W49/><G38/><T111/><D111/><U113/><E113/><V33/><F16/><W50/><G39/><T76/><D17/><U37/><E37/><V2/><F2/><W118/><G118/><T75/><D115/><U89/><E89/><V9/><F91/><RYUUKYOKU ba="2,1" sc="296,-10,325,30,167,-10,202,-10" hai1="18,22,27,47,51,52,65,67,80,82,95,97,100" /><INIT seed="5,3,1,0,4,50" ten="286,355,157,192" oya="1" hai0="23,46,106,93,1,101,68,91,112,56,65,119,69" hai1="45,55,75,125,10,27,109,20,72,35,0,39,133" hai2="81,49,78,128,62,70,48,122,7,33,110,34,105" hai3="63,86,121,77,126,74,83,111,11,123,87,96,100"/><U89/><E35/><V90/><F110/><W117/><G111/><T118/><D1/><U54/><E109/><V103/><F128/><W95/><G11/><T21/><D46/><U80/><E89/><V135/><F135/><W67/><G126/><T129/><D101/><U132/><E125/><V29/><F7/><W115/><G115/><T51/><D106/><U16/><E72/><V94/><F122/><W42/><G42/><T44/><D112/><U134/><E80/><V47/><F49/><W116/><G67/><T2/><D2/><U8/><E75/><V76/><F62/><W12/><G12/><T127/><D127/><U5/><E8/><V19/><F19/><W31/><G31/><T32/><D32/><U58/><E58/><V102/><F70/><W92/><G63/><T57/><D44/><U107/><E107/><V53/><F76/><W37/><G37/><T3/><D3/><U79/><E79/><V104/><F103/><W28/><G28/><T38/><D129/><U52/><E39/><V17/><F17/><W9/><G9/><T64/><D38/><U59/><E59/><V61/><F61/><W71/><G71/><T4/><D51/><AGARI ba="3,1" hai="0,5,10,16,20,27,45,51,52,54,55,132,133,134" machi="51" ten="40,18000,2" yaku="20,1,52,3,54,2" doraHai="50" who="1" fromWho="0" sc="286,-189,355,199,157,0,192,0" /><INIT seed="5,4,0,3,4,22" ten="97,554,157,192" oya="1" hai0="60,9,119,116,83,125,14,87,82,1,37,103,5" hai1="69,101,71,33,15,96,10,17,31,129,100,21,16" hai2="35,114,99,42,52,105,78,2,70,58,46,81,62" hai3="8,11,25,123,111,91,34,122,36,18,54,73,12"/><U67/><E129/><V115/><F2/><W26/><G36/><T77/><D37/><U90/><E33/><V128/><F35/><W131/><G73/><T24/><D125/><U120/><E120/><N who="3" m="46122" /><G54/><T27/><D103/><U97/><E31/><V47/><F70/><W64/><G91/><T80/><D1/><U133/><E133/><V61/><F128/><W110/><G64/><T130/><D130/><U124/><E124/><V39/><F47/><W127/><G131/><T6/><D6/><U65/><E90/><V0/><F0/><W89/><G89/><T106/><D106/><U44/><E44/><V13/><F13/><N who="3" m="7463" /><G34/><T72/><D60/><U107/><E69/><V38/><F38/><W76/><G76/><T104/><D104/><U3/><E71/><V85/><F62/><W59/><G59/><T30/><D72/><U92/><E3/><V53/><F53/><W113/><G113/><N who="2" m="43017" /><F105/><W109/><G127/><T43/><D43/><U23/><E67/><V134/><F99/><W68/><G68/><T135/><D135/><AGARI ba="4,0" hai="39,42,46,52,58,61,78,81,85,134,135" m="43017" machi="135" ten="30,3900,0" yaku="15,1,11,1,54,1" doraHai="22" who="2" fromWho="0" sc="97,-51,554,0,157,51,192,0" /><INIT seed="6,0,0,2,2,18" ten="46,554,208,192" oya="2" hai0="91,17,43,83,34,125,53,68,79,11,116,90,63" hai1="106,111,27,31,2,88,96,59,135,97,81,45,123" hai2="112,1,70,42,14,38,72,50,122,100,25,44,5" hai3="94,75,52,24,61,66,129,78,126,20,9,56,65"/><V130/><F112/><W73/><G129/><T3/><D34/><U36/><E111/><V47/><F122/><W104/><G104/><T8/><D125/><U19/><E2/><V131/><F1/><W109/><G109/><T102/><D116/><U114/><E19/><V60/><F72/><W16/><G126/><T41/><D102/><U98/><E59/><V132/><F100/><W103/><G9/><T84/><D11/><U15/><E15/><V29/><F14/><W87/><G73/><T120/><D120/><U74/><E45/><V99/><F99/><N who="3" m="59895" /><G75/><T67/><D43/><U21/><E36/><V69/><F5/><W4/><G4/><T108/><D108/><U55/><E135/><V117/><F132/><W64/><G87/><T40/><D91/><U113/><E123/><V26/><F117/><W51/><G78/><T23/><D53/><U128/><E128/><V80/><F70/><W57/><AGARI ba="0,0" hai="16,20,24,51,52,56,57,61,64,65,66" m="59895" machi="57" ten="30,7900,0" yaku="8,1,52,1,54,2" doraHai="18" who="3" fromWho="3" sc="46,-20,554,-20,208,-39,192,79" /><INIT seed="7,0,0,1,4,92" ten="26,534,169,271" oya="3" hai0="13,27,101,115,23,99,69,88,46,19,65,127,54" hai1="107,117,5,52,1,102,129,97,10,30,66,9,133" hai2="59,15,90,43,28,110,95,112,20,31,100,44,89" hai3="33,4,86,48,84,80,17,94,98,120,12,68,57"/><W70/><G120/><T32/><D127/><U11/><E133/><V40/><F112/><W75/><G33/><T24/><D115/><U55/><E10/><V106/><F106/><W81/><G4/><T39/><D32/><U63/><E129/><V118/><F100/><W131/><G68/><T87/><D65/><U71/><E117/><V72/><F72/><W122/><G122/><T8/><D69/><U82/><E30/><V35/><F59/><W91/><G70/><T38/><D38/><U113/><E113/><V93/><F35/><W128/><G75/><T22/><D39/><U116/><E116/><V130/><F43/><W60/><G48/><T16/><D46/><U77/><E9/><V134/><F110/><W62/><G128/><T2/><D2/><U85/><AGARI ba="0,0" hai="1,5,11,52,55,63,66,71,77,82,85,97,102,107" machi="85" ten="20,5200,0" yaku="0,1,7,1,52,1,54,1" doraHai="92" who="1" fromWho="1" sc="26,-13,534,52,169,-13,271,-26" owari="13,-49.0,586,68.0,156,-24.0,245,5.0" /></mjloggm>