<mjloggm ver="2.3"><GO type="169" lobby="0"/><UN n0="%53%61%6F%2D%48%7A%78" n1="%68%69%6B%61%72%75%32%32" n2="%4C%6E%69%6B%69" n3="%E7%82%8E%E3%81%AE%E3%83%88%E3%83%AC%E3%83%BC%E3%83%80%E3%83%BC" dan="16,16,16,16" rate="2111.69,2060.60,2122.71,2154.14" sx="F,M,M,M"/><TAIKYOKU oya="0"/><INIT seed="0,0,0,3,2,35" ten="250,250,250,250" oya="0" hai0="13,24,36,87,98,101,43,51,107,85,22,110,66" hai1="77,9,86,56,75,1,40,118,124,61,55,95,111" hai2="105,114,103,120,112,18,109,117,39,69,53,76,8" hai3="122,79,64,26,71,128,2,21,38,25,11,133,80"/><T37/><D66/><U23/><E118/><V65/><F120/><W15/><G122/><T82/><D13/><U126/><E75/><V50/><F117/><W45/><G128/><T135/><D135/><U58/><E40/><V17/><F109/><W3/><G133/><T63/><D63/><U97/><E111/><V116/><F116/><W104/><G104/><T31/><D110/><U28/><E56/><V73/><F39/><W94/><G94/><T59/><D87/><U48/><E77/><V68/><F103/><W6/><G64/><T20/><D20/><U0/><E86/><V72/><F105/><W47/><G71/><T92/><D107/><U5/><E48/><V127/><F50/><W81/><G26/><T131/><D131/><U41/><E41/><V33/><F33/><W30/><G81/><T88/><REACH who="0" step="1"/><D59/><REACH who="0" ten="240,250,250,250" step="2"/><U91/><E23/><V89/><F65/><W14/><G14/><T27/><D27/><U123/><E123/><V46/><F72/><W49/><G38/><T10/><D10/><U62/><E61/><V90/><F8/><W96/><G96/><T60/><D60/><U93/><E62/><V78/><F73/><W44/><REACH who="3" step="1"/><G49/><REACH who="3" ten="240,250,250,240" step="2"/><T52/><D52/><U67/><E55/><V7/><F53/><W134/><G134/><T119/><D119/><U84/><E67/><V74/><F69/><W29/><G29/><T106/><D106/><U108/><E28/><V70/><F68/><W113/><G113/><T4/><D4/><U83/><E5/><V115/><F70/><W129/><G129/><T125/><D125/><U12/><E126/><RYUUKYOKU ba="0,2" sc="240,15,250,-15,250,-15,240,15" hai0="22,24,31,36,37,43,51,82,85,88,92,98,101" hai3="2,3,6,11,15,21,25,30,44,45,47,79,80" /><INIT seed="0,1,2,0,4,40" ten="255,235,235,255" oya="0" hai0="34,51,72,124,53,98,25,57,85,133,16,23,70" hai1="50,132,49,119,128,0,29,31,126,107,102,103,62" hai2="55,58,99,100,83,26,47,81,88,36,109,27,45" hai3="91,120,42,15,112,61,79,101,106,121,33,8,38"/><T116/><D72/><U43/><E119/><V14/><F109/><W64/><G33/><T135/><D116/><U46/><E0/><V10/><F36/><W86/><G79/><T56/><D124/><U75/><E75/><V59/><F59/><W11/><G112/><T84/><D70/><U92/><E126/><V44/><F27/><W68/><G101/><T131/><D131/><U21/><E107/><V115/><F26/><W97/><G97/><T24/><D98/><U35/><E35/><V19/><F88/><W114/><G106/><T78/><D57/><U93/><E132/><N who="0" m="50761" /><D78/><U110/><E110/><V94/><REACH who="2" step="1"/><F115/><REACH who="2" ten="255,235,225,255" step="2"/><W96/><G114/><T95/><D25/><U105/><E128/><V12/><F12/><W37/><G37/><T52/><D34/><U22/><E105/><V127/><F127/><W76/><G15/><T63/><D95/><U90/><E93/><V18/><F18/><W20/><G38/><T125/><D125/><U28/><E103/><V117/><F117/><W4/><G91/><T122/><D122/><U129/><E102/><V30/><F30/><W67/><G121/><T13/><D24/><U7/><E129/><V71/><F71/><W77/><G120/><T66/><D66/><U39/><E31/><V73/><F73/><W108/><G67/><T123/><D123/><U9/><E29/><V111/><F111/><W80/><G108/><T134/><D134/><U60/><E28/><V2/><F2/><W3/><G3/><T87/><D87/><U82/><E92/><V32/><F32/><W5/><G86/><T69/><D69/><RYUUKYOKU ba="1,3" sc="255,15,235,-15,225,15,255,-15" hai0="13,16,23,51,52,53,56,63,84,85" hai2="10,14,19,44,45,47,55,58,81,83,94,99,100" /><INIT seed="0,2,3,0,5,94" ten="270,220,240,240" oya="0" hai0="68,124,22,89,47,78,76,123,56,110,99,100,84" hai1="87,40,17,50,85,73,63,118,35,67,127,130,59" hai2="101,71,66,32,0,15,3,58,39,29,125,27,105" hai3="129,104,96,132,98,82,8,88,102,33,131,44,9"/><T6/><D68/><U70/><E118/><V54/><F125/><W19/><G33/><T117/><D117/><U120/><E73/><V51/><F39/><W83/><G132/><T34/><D34/><U128/><E120/><V113/><F15/><N who="3" m="7655" /><G9/><T18/><D123/><U5/><E35/><V30/><F30/><W23/><G23/><T122/><D122/><U133/><E5/><V119/><F113/><W28/><G44/><T86/><D6/><U114/><E114/><V41/><F41/><W61/><G61/><T95/><D124/><U126/><E133/><V107/><F107/><W91/><G28/><T26/><D47/><N who="1" m="25959" /><E127/><V12/><F12/><W10/><G10/><T14/><D110/><U134/><E134/><V90/><F90/><N who="3" m="34347" /><G98/><T92/><D86/><N who="1" m="32779" /><E17/><V115/><F115/><W4/><G4/><T21/><D56/><U42/><E126/><V109/><F109/><W121/><G121/><T55/><D55/><U106/><E106/><V38/><F38/><W46/><G46/><T49/><D49/><U108/><E42/><V65/><F65/><W25/><G25/><T31/><AGARI ba="2,3" hai="14,18,21,22,26,31,76,78,84,89,92,95,99,100" machi="31" ten="20,7800,0" yaku="0,1,7,1,8,1,52,1" doraHai="94" who="0" fromWho="0" sc="270,114,220,-28,240,-28,240,-28" /><INIT seed="0,3,0,1,2,123" ten="384,192,212,212" oya="0" hai0="43,72,106,41,97,134,126,39,23,58,7,55,133" hai1="109,64,108,40,16,9,26,105,87,89,65,88,75" hai2="76,59,101,118,93,45,94,66,51,0,67,113,117" hai3="120,69,82,128,38,119,24,78,74,124,14,129,99"/><T8/><D72/><U71/><E75/><V17/><F113/><W116/><G69/><T12/><D126/><U19/><E105/><V62/><F0/><W21/><G38/><T60/><D23/><U77/><E40/><V1/><F1/><W13/><G124/><T114/><D114/><U28/><E77/><V121/><F121/><W15/><G99/><T132/><REACH who="0" step="1"/><D39/><REACH who="0" ten="374,192,212,212" step="2"/><U53/><E9/><V83/><F118/><W36/><G120/><T42/><D42/><U104/><E104/><V56/><F117/><W98/><G36/><T46/><D46/><U3/><E3/><V33/><F33/><W68/><G119/><T54/><D54/><U86/><E53/><V80/><F67/><W57/><G116/><T29/><D29/><U5/><E28/><V20/><F45/><W6/><G129/><T96/><D96/><U2/><E2/><V115/><F115/><W63/><G98/><T37/><D37/><U95/><E65/><V4/><F66/><W85/><G128/><T70/><D70/><U135/><E64/><V125/><F125/><W103/><G74/><T90/><D90/><U92/><E71/><V61/><F56/><W11/><G68/><T32/><D32/><U122/><E122/><V131/><F59/><W52/><G103/><AGARI ba="3,1" hai="7,8,12,41,43,55,58,60,97,103,106,132,133,134" machi="103" ten="40,7700,0" yaku="1,1,20,1,53,1" doraHai="123" doraHaiUra="50" who="0" fromWho="3" sc="374,96,192,0,212,0,212,-86" /><INIT seed="0,4,0,5,1,129" ten="470,192,212,126" oya="0" hai0="85,94,81,42,37,6,65,28,48,16,38,93,61" hai1="103,111,95,45,113,102,122,105,124,60,118,87,2" hai2="79,49,100,22,75,112,0,98,134,67,12,115,125" hai3="96,78,71,29,44,90,135,107,73,20,14,9,11"/><T30/><D6/><U88/><E2/><V7/><F125/><W106/><G71/><T97/><D37/><U39/><E118/><V76/><F67/><W92/><G11/><T40/><D38/><U72/><E122/><V50/><F0/><W55/><G78/><T46/><D42/><U80/><E124/><V3/><F3/><W52/><G73/><T99/><D93/><U57/><E113/><V82/><F76/><W4/><G135/><T131/><D131/><U17/><E111/><V35/><F35/><W34/><G34/><T21/><D99/><U1/><E105/><V64/><F64/><W18/><G29/><T114/><D114/><U24/><E72/><V41/><F134/><W91/><G91/><N who="0" m="51631" /><D61/><U25/><E1/><V26/><F12/><W54/><REACH who="3" step="1"/><G44/><REACH who="3" ten="470,192,212,116" step="2"/><T66/><D28/><U51/><E103/><V83/><F79/><W123/><G123/><T10/><D30/><U133/><E133/><V116/><F75/><W86/><G86/><T68/><D68/><U27/><E102/><V23/><F100/><W36/><G36/><T121/><D10/><U77/><E39/><V132/><F132/><W43/><G43/><T84/><D84/><U53/><E17/><V108/><F41/><W128/><G128/><T8/><D8/><U109/><E77/><V56/><F115/><W58/><G58/><T74/><D74/><U130/><E130/><V62/><F56/><W101/><G101/><N who="0" m="60599" /><D121/><U89/><E89/><V47/><F112/><W119/><G119/><T104/><D104/><U5/><E5/><V15/><F7/><W13/><AGARI ba="4,1" hai="4,9,13,14,18,20,52,54,55,90,92,96,106,107" machi="13" ten="30,7900,0" yaku="1,1,5,1,0,1,54,1,53,0" doraHai="129" doraHaiUra="63" who="3" fromWho="3" sc="470,-43,192,-24,212,-24,116,101" /><INIT seed="1,0,0,3,5,110" ten="427,168,188,217" oya="1" hai0="79,95,130,76,61,103,111,121,126,57,45,63,104" hai1="100,30,23,70,19,12,26,10,53,99,60,106,127" hai2="108,59,15,98,6,4,86,54,77,34,102,28,115" hai3="49,14,3,16,31,125,92,116,96,18,90,94,32"/><U107/><E127/><V35/><F108/><W101/><G3/><T78/><D104/><U82/><E82/><V17/><F28/><W105/><G116/><T56/><D111/><U91/><E91/><V42/><F42/><W41/><G125/><T89/><D103/><U81/><E81/><V13/><F34/><W87/><G105/><T51/><D130/><U25/><E25/><V55/><F35/><W68/><G68/><T69/><D69/><U74/><E74/><V22/><F55/><W5/><G32/><T122/><D126/><U7/><E107/><V66/><F66/><W43/><G31/><T67/><D61/><U36/><E36/><V129/><F129/><W65/><G65/><T97/><D57/><U1/><E70/><V123/><F123/><N who="0" m="47114" /><D76/><U47/><E60/><V8/><F86/><W2/><G2/><T117/><D117/><U52/><E47/><V20/><F77/><W80/><G80/><T124/><D124/><U118/><REACH who="1" step="1"/><E118/><REACH who="1" ten="427,158,188,217" step="2"/><V38/><F38/><W50/><G90/><T39/><D39/><U109/><E109/><V58/><F58/><W73/><G73/><T21/><D78/><U75/><E75/><V62/><F59/><W48/><G94/><T88/><D79/><U93/><E93/><V9/><F62/><W27/><G27/><T0/><D89/><U44/><E44/><V120/><F120/><W72/><G72/><T131/><D88/><U46/><E46/><V112/><F102/><W40/><G87/><T71/><D95/><U83/><E83/><V113/><F98/><W114/><G92/><T133/><D45/><RYUUKYOKU ba="0,1" sc="427,-10,158,30,188,-10,217,-10" hai1="1,7,10,12,19,23,26,30,52,53,99,100,106" /><INIT seed="1,1,1,1,0,63" ten="417,188,178,207" oya="1" hai0="96,31,78,20,3,7,37,111,114,24,82,28,99" hai1="113,121,49,72,58,46,32,34,30,90,51,60,134" hai2="129,11,91,66,26,107,1,135,16,100,95,65,101" hai3="57,19,70,12,120,21,2,62,36,35,105,117,54"/><U9/><E113/><V53/><F129/><W27/><G117/><T122/><D37/><U92/><E121/><V13/><F135/><W103/><G2/><T131/><D114/><U93/><E72/><V67/><F107/><W102/><G36/><T40/><D40/><U73/><E73/><V83/><F1/><W133/><G120/><T85/><D122/><U44/><E9/><V59/><F83/><W106/><G133/><T84/><D131/><U89/><E60/><N who="2" m="35951" /><F26/><W125/><G125/><T14/><D3/><U119/><E58/><V75/><F75/><W108/><G106/><T22/><D85/><AGARI ba="1,1" hai="11,13,16,65,66,67,85,91,95,100,101" m="35951" machi="85" ten="30,8000,1" yaku="8,1,52,3,54,1" doraHai="63" who="2" fromWho="0" sc="417,-83,188,0,178,93,207,0" /><INIT seed="2,0,0,1,2,105" ten="334,188,271,207" oya="2" hai0="39,128,69,7,85,88,32,130,61,113,66,16,121" hai1="92,21,87,31,108,90,94,116,83,14,25,119,37" hai2="82,49,78,97,58,70,62,36,22,79,118,51,95" hai3="110,131,102,6,103,74,48,126,59,132,135,9,80"/><V133/><F133/><N who="3" m="51275" /><G110/><T57/><D39/><U112/><E108/><V40/><F118/><W28/><G28/><T68/><D32/><U84/><E37/><V64/><F36/><W93/><G93/><T104/><D104/><U129/><E112/><V63/><F22/><W11/><G131/><N who="0" m="50219" /><D7/><U1/><E1/><V117/><F117/><W109/><G109/><T44/><D113/><U17/><E94/><V89/><F40/><W111/><G111/><T41/><D121/><U26/><E26/><V75/><REACH who="2" step="1"/><F79/><REACH who="2" ten="334,188,261,207" step="2"/><N who="3" m="44151" /><G11/><T12/><D41/><U18/><E129/><V38/><F38/><W42/><G126/><T98/><D98/><U47/><E119/><V30/><F30/><W86/><G42/><T24/><D24/><U53/><E116/><V101/><F101/><W5/><G103/><T45/><D69/><U81/><E31/><V71/><F71/><W0/><G102/><T33/><D68/><U56/><E25/><V15/><F15/><W20/><G20/><N who="0" m="11271" /><D33/><U123/><E21/><V13/><F13/><W76/><G9/><T91/><D91/><U100/><E14/><V106/><F106/><W96/><G0/><T34/><D34/><U23/><E23/><V43/><F43/><W10/><G10/><T4/><D4/><U3/><E3/><V67/><AGARI ba="0,1" hai="49,51,58,62,63,64,67,70,75,78,82,89,95,97" machi="67" ten="20,12000,1" yaku="1,1,0,1,7,1,52,1,53,1" doraHai="105" doraHaiUra="65" who="2" fromWho="2" sc="334,-40,188,-40,261,130,207,-40" /><INIT seed="2,1,0,5,4,2" ten="294,148,391,167" oya="2" hai0="125,68,41,132,21,134,62,93,55,23,17,84,15" hai1="7,96,87,108,43,105,66,72,49,33,77,85,113" hai2="120,117,83,130,0,51,95,115,12,39,6,119,75" hai3="8,94,40,56,71,38,16,128,118,114,54,82,104"/><V102/><F115/><W60/><G104/><T79/><D125/><U111/><E113/><V30/><F120/><W5/><G114/><T25/><D41/><U97/><E33/><V35/><F39/><W61/><G118/><T42/><D42/><U22/><E66/><V127/><F127/><W65/><G128/><T121/><D121/><U11/><E22/><V34/><F130/><W70/><G94/><T64/><D55/><U52/><E43/><V109/><F0/><W90/><G90/><T44/><D44/><U4/><E72/><V32/><F30/><W89/><G89/><T76/><D93/><U48/><E11/><V86/><F51/><W78/><G40/><T59/><D68/><U29/><E29/><V99/><F75/><W135/><G38/><T3/><D3/><U123/><E123/><V53/><F53/><W81/><G71/><T45/><D45/><U103/><E52/><V126/><F109/><W20/><G135/><N who="0" m="51755" /><D84/><U133/><E133/><V31/><F31/><AGARI ba="1,0" hai="15,17,21,23,25,31,59,62,64,76,79" m="51755" machi="31" ten="30,1000,0" yaku="20,1" doraHai="2" who="0" fromWho="2" sc="294,13,148,0,391,-13,167,0" /><INIT seed="3,0,0,4,1,14" ten="307,148,378,167" oya="3" hai0="71,10,127,37,98,19,65,133,115,77,64,55,99" hai1="54,123,24,50,105,109,3,67,2,134,4,89,124" hai2="35,62,15,90,41,27,22,33,44,118,66,104,102" hai3="45,70,94,11,30,83,39,18,107,91,0,20,126"/><W47/><G107/><T131/><D37/><U31/><E123/><V36/><F118/><W101/><G70/><T87/><D133/><U81/><E105/><V72/><F72/><W42/><G126/><T32/><D32/><U88/><E124/><V79/><F79/><W52/><G30/><T76/><D127/><U111/><E67/><V110/><F110/><N who="1" m="41993" /><E134/><V74/><F74/><W103/><G83/><T16/><D71/><U84/><E89/><V129/><F129/><W100/><G11/><T26/><D131/><U28/><E4/><V132/><F90/><W34/><G0/><N who="1" m="42" /><E24/><V59/><F15/><W1/><G34/><T38/><D38/><U46/><AGARI ba="0,0" hai="28,31,46,50,54,81,84,88" m="42,41993" machi="46" ten="30,2000,0" yaku="14,1,54,1" doraHai="14" who="1" fromWho="1" sc="307,-5,148,20,378,-5,167,-10" /><INIT seed="4,0,0,2,2,20" ten="302,168,373,157" oya="0" hai0="29,67,54,26,21,7,1,123,97,81,72,53,133" hai1="16,130,127,49,129,91,94,33,19,31,116,69,80" hai2="126,70,95,96,92,77,41,84,6,25,52,103,73" hai3="55,8,86,4,27,85,102,45,105,121,11,75,15"/><T79/><D123/><U122/><E122/><V63/><F126/><W56/><G75/><T87/><D133/><U48/><E116/><V23/><F73/><W112/><G121/><T101/><D72/><U65/><E80/><N who="2" m="47119" /><F70/><W119/><G112/><T124/><D124/><U57/><E69/><V132/><F132/><W61/><G119/><T5/><D67/><U18/><E127/><V82/><F82/><W111/><G105/><T32/><D32/><U36/><E36/><V50/><F6/><W34/><G102/><T64/><D64/><U110/><E110/><V2/><F2/><W12/><G45/><T83/><D83/><U76/><E76/><V113/><F113/><W90/><G90/><T107/><REACH who="0" step="1"/><D7/><REACH who="0" ten="292,168,373,157" step="2"/><U62/><E130/><V46/><F95/><W98/><G111/><T0/><D0/><U38/><E129/><V24/><F23/><W106/><G34/><T135/><D135/><U14/><E33/><V60/><F60/><W9/><G4/><T125/><D125/><U115/><E62/><V42/><F63/><W71/><G71/><T47/><D47/><U17/><E115/><V131/><F131/><W40/><G8/><AGARI ba="0,1" hai="1,5,8,21,26,29,53,54,79,81,87,97,101,107" machi="8" ten="40,3900,0" yaku="1,1,52,1,53,0" doraHai="20" doraHaiUra="59" who="0" fromWho="3" sc="292,49,168,0,373,0,157,-39" /><INIT seed="4,1,0,2,3,29" ten="341,168,373,118" oya="0" hai0="123,80,21,33,68,130,8,13,53,41,42,38,17" hai1="85,126,6,84,134,62,45,112,129,132,44,128,107" hai2="4,31,37,91,101,97,122,34,20,110,99,3,90" hai3="2,73,133,88,14,10,5,16,119,98,18,116,92"/><T12/><D68/><U47/><E107/><V121/><F110/><W77/><G133/><N who="1" m="51306" /><E6/><V79/><F37/><W124/><G124/><T82/><D123/><U51/><E62/><V96/><F79/><W26/><G77/><T27/><D130/><N who="1" m="50283" /><E51/><V81/><F20/><W52/><G73/><T22/><D38/><U87/><E112/><V93/><F81/><N who="0" m="31338" /><D33/><U75/><E75/><V66/><F66/><W113/><G113/><T100/><D100/><U89/><E89/><V9/><F91/><W56/><G26/><T58/><D21/><U50/><E50/><V135/><F135/><W109/><G109/><T111/><D111/><U70/><E126/><V108/><F108/><W43/><G43/><N who="0" m="16395" /><D8/><U28/><E28/><V105/><REACH who="2" step="1"/><F99/><REACH who="2" ten="341,168,363,118" step="2"/><W0/><G119/><T76/><D76/><U61/><E61/><AGARI ba="1,1" hai="12,13,17,22,27,53,58,61" m="16395,31338" machi="61" ten="30,1500,0" yaku="8,1" doraHai="29" who="0" fromWho="1" sc="341,28,168,-18,363,0,118,0" /><INIT seed="4,2,0,4,5,124" ten="369,150,363,118" oya="0" hai0="109,62,51,65,52,87,15,42,22,11,128,110,108" hai1="23,91,49,5,53,93,1,85,129,16,118,133,2" hai2="134,40,17,92,103,35,36,68,3,107,90,77,70" hai3="24,60,48,99,10,98,117,81,50,19,97,86,55"/><T113/><D113/><U64/><E118/><V0/><F134/><W111/><G111/><T116/><D116/><U34/><E34/><V125/><F125/><W94/><G94/><T57/><D128/><U121/><E121/><V105/><F17/><W58/><G58/><T73/><D73/><U115/><E133/><V21/><F21/><W4/><G4/><T54/><D22/><U79/><E64/><V38/><F90/><W30/><G30/><T26/><D26/><U126/><E126/><V96/><F92/><W101/><G101/><T7/><D87/><U12/><E115/><V47/><F107/><W41/><G117/><T114/><D114/><U28/><E79/><V131/><F38/><W106/><G106/><T112/><D112/><U100/><E100/><V75/><F131/><W29/><G60/><T119/><D119/><U56/><E28/><V32/><F32/><W122/><G41/><T123/><D123/><U13/><E129/><V66/><F35/><W72/><G72/><T71/><D54/><U74/><E74/><V46/><F46/><W104/><G104/><T82/><D82/><U9/><AGARI ba="2,0" hai="1,2,5,9,12,13,16,23,49,53,56,85,91,93" machi="9" ten="30,7900,0" yaku="0,1,25,2,54,1" doraHai="124" who="1" fromWho="1" sc="369,-41,150,85,363,-22,118,-22" /><INIT seed="5,0,0,1,5,96" ten="328,235,341,96" oya="1" hai0="45,39,123,56,102,81,71,10,14,132,2,23,122" hai1="46,87,54,42,5,116,128,106,107,94,51,9,133" hai2="29,80,115,88,24,92,72,101,47,110,4,16,121" hai3="52,20,68,48,111,34,108,135,129,126,82,127,134"/><U75/><E116/><V84/><F121/><N who="0" m="46090" /><D71/><U33/><E33/><V57/><F110/><W86/><G34/><T27/><D81/><U131/><E75/><V73/><F115/><W79/><G20/><T32/><D56/><U118/><E133/><N who="3" m="50698" /><G68/><T36/><D32/><U0/><E118/><V98/><F4/><W78/><G48/><T25/><D2/><U83/><E94/><V93/><F47/><W69/><G69/><T7/><D132/><U74/><E74/><V77/><F57/><W43/><G52/><T85/><D85/><U40/><E40/><V53/><F53/><W8/><G43/><T61/><D61/><U64/><E64/><V99/><REACH who="2" step="1"/><F16/><REACH who="2" ten="328,235,331,96" step="2"/><W62/><G62/><T30/><D45/><U105/><REACH who="1" step="1"/><E54/><REACH who="1" ten="328,225,331,96" step="2"/><V44/><F44/><W60/><G60/><T1/><D36/><U65/><E65/><V100/><F100/><W91/><G8/><N who="0" m="2159" /><D102/><U89/><AGARI ba="0,2" hai="0,5,9,42,46,51,83,87,89,105,106,107,128,131" machi="89" ten="40,12000,1" yaku="1,1,0,1,53,2" doraHai="96" doraHaiUra="125" who="1" fromWho="1" sc="328,-40,225,140,331,-40,96,-40" /><INIT seed="5,1,0,0,5,8" ten="288,365,291,56" oya="1" hai0="64,36,77,50,79,76,72,109,15,11,51,23,7" hai1="83,118,28,80,101,30,114,58,124,33,6,12,46" hai2="62,49,43,108,53,102,59,14,104,20,82,27,90" hai3="103,32,81,29,21,40,74,78,66,25,84,17,42"/><U3/><E118/><V119/><F108/><W48/><G74/><T41/><D109/><U123/><E123/><V68/><F119/><W69/><G103/><T26/><D72/><U85/><E3/><V54/><F104/><W120/><G120/><T107/><D107/><U122/><E122/><V22/><F102/><W56/><G69/><T13/><D64/><U39/><E114/><V131/><F43/><W92/><G92/><T44/><REACH who="0" step="1"/><D13/><REACH who="0" ten="278,365,291,56" step="2"/><U115/><E12/><V63/><F14/><W88/><G78/><T70/><D70/><U128/><E115/><V35/><F68/><W52/><REACH who="3" step="1"/><G66/><REACH who="3" ten="278,365,291,46" step="2"/><T0/><D0/><U9/><E128/><V67/><F67/><W38/><G38/><T134/><D134/><U113/><E39/><V126/><F131/><W98/><G98/><T55/><D55/><U125/><E113/><V65/><F54/><W73/><G73/><T112/><D112/><U2/><E124/><V31/><F126/><W19/><G19/><AGARI ba="1,2" hai="7,11,15,19,23,26,36,41,44,50,51,76,77,79" machi="19" ten="40,5200,0" yaku="1,1,52,1,53,1" doraHai="8" doraHaiUra="10" who="0" fromWho="3" sc="278,75,365,0,291,0,46,-55" owari="353,15.0,365,47.0,291,-11.0,-9,-51.0" /></mjloggm>