<mjloggm ver="2.3"><GO type="169" lobby="0"/><UN n0="%E7%A0%94%E7%A9%B6%E5%AD%A6%E5%9C%92" n1="%E3%81%B2%E3%81%90%E3%81%A1" n2="%41%4F%54" n3="%E5%9C%92%E5%9F%8E%E5%AF%BA%E2%98%86%E6%80%9C" dan="16,16,16,18" rate="2110.45,2147.11,2169.90,2226.38" sx="M,M,M,F"/><TAIKYOKU oya="0"/><INIT seed="0,0,0,5,4,36" ten="250,250,250,250" oya="0" hai0="133,123,57,74,86,3,135,6,84,64,7,50,8" hai1="49,53,28,91,107,87,22,105,20,132,128,61,126" hai2="37,52,0,24,55,122,38,127,34,125,17,70,12" hai3="77,73,88,111,117,99,62,78,29,114,94,63,41"/><T68/><D123/><U130/><E61/><V42/><F122/><W58/><G117/><T66/><D74/><U2/><E2/><V65/><F0/><W23/><G111/><T102/><D68/><U113/><E126/><N who="2" m="48139" /><F34/><W104/><G114/><T72/><D72/><U45/><E132/><N who="0" m="50761" /><D102/><U46/><E113/><V4/><F4/><N who="0" m="1578" /><D8/><U93/><E20/><V115/><F24/><W59/><G104/><T131/><D3/><U96/><E22/><N who="2" m="11559" /><F115/><W79/><G73/><T85/><D131/><N who="1" m="50219" /><E28/><V92/><F92/><W69/><G69/><T39/><D39/><U134/><E134/><V106/><F106/><W75/><G75/><T25/><D25/><U11/><E11/><V95/><F95/><W10/><G10/><T81/><D81/><N who="1" m="49647" /><E45/><N who="2" m="23759" /><F38/><W21/><G29/><T71/><D71/><U76/><E76/><V80/><F80/><W119/><G119/><T89/><D89/><AGARI ba="0,0" hai="46,49,53,89,93,96,105,107" m="49647,50219" machi="89" ten="30,1000,0" yaku="19,1" doraHai="36" who="1" fromWho="0" sc="250,-10,250,10,250,0,250,0" /><INIT seed="1,0,0,0,3,119" ten="240,260,250,250" oya="1" hai0="133,85,75,69,6,93,4,19,5,40,76,80,39" hai1="20,122,34,135,107,109,88,27,64,120,0,56,81" hai2="102,121,3,116,62,37,108,90,11,35,12,104,98" hai3="32,42,70,54,13,128,2,63,65,97,101,123,77"/><U95/><E107/><V134/><F116/><W61/><G2/><T60/><D133/><U86/><E0/><V105/><F104/><W15/><G128/><T1/><D19/><U110/><E34/><V59/><F37/><W36/><G77/><T10/><D93/><U21/><E135/><V73/><F3/><W50/><G61/><T132/><D85/><U124/><E124/><V99/><F35/><W25/><G123/><T118/><D118/><U48/><E20/><V26/><F121/><W8/><G8/><T51/><D51/><U112/><E112/><V82/><F26/><W125/><G125/><T43/><D43/><U14/><E14/><V84/><F108/><N who="1" m="41577" /><E64/><V33/><F33/><W31/><G42/><T111/><D132/><U28/><E56/><V72/><F134/><W67/><G36/><T79/><D79/><N who="1" m="46399" /><E48/><V91/><F59/><N who="3" m="33239" /><G65/><N who="0" m="41127" /><D111/><U94/><E94/><V114/><F114/><W74/><G13/><T66/><D66/><U57/><E57/><V22/><F105/><N who="3" m="63663" /><G15/><T47/><AGARI ba="0,0" hai="1,4,5,6,10,39,40,47,75,76,80" m="41127" machi="47" ten="30,1100,0" yaku="25,1" doraHai="119" who="0" fromWho="0" sc="240,11,260,-5,250,-3,250,-3" /><INIT seed="2,0,0,2,2,96" ten="251,255,247,247" oya="2" hai0="78,94,101,83,23,33,4,126,20,36,18,69,114" hai1="72,117,38,10,103,105,116,49,80,91,71,84,68" hai2="48,61,110,41,6,120,112,113,104,57,7,122,90" hai3="135,86,15,133,5,73,89,45,129,53,130,67,119"/><V3/><F104/><W2/><G2/><T76/><D114/><N who="2" m="44138" /><F90/><W40/><G73/><T44/><D126/><U63/><E38/><V81/><F81/><W87/><G87/><T98/><D69/><U56/><E71/><V52/><F6/><W65/><G5/><T64/><D33/><U24/><E68/><V28/><F28/><W55/><G15/><T39/><D64/><N who="3" m="24649" /><G89/><T85/><D4/><U109/><E72/><V107/><F107/><W111/><G86/><T54/><D78/><U60/><E10/><V93/><F93/><W79/><G79/><T12/><D54/><N who="3" m="20489" /><G111/><T21/><D12/><U97/><E109/><V66/><F7/><W32/><G32/><T75/><D18/><U124/><E24/><V25/><F25/><W30/><G30/><T131/><D75/><U123/><E91/><V43/><F3/><W0/><G119/><T22/><D83/><U59/><E84/><V50/><F110/><W121/><G121/><N who="2" m="46697" /><F48/><N who="3" m="26663" /><G0/><T100/><D76/><U77/><E80/><V46/><AGARI ba="0,0" hai="41,43,46,50,52,57,61,66" m="46697,44138" machi="46" ten="30,6000,0" yaku="34,2,54,1" doraHai="96" who="2" fromWho="2" sc="251,-20,255,-20,247,60,247,-20" /><INIT seed="2,1,0,0,3,51" ten="231,235,307,227" oya="2" hai0="120,10,2,75,67,29,115,40,71,5,53,128,36" hai1="74,114,110,103,109,124,108,56,20,57,54,95,34" hai2="37,28,112,41,133,1,13,26,60,98,46,21,32" hai3="80,52,6,72,97,62,84,35,100,25,89,45,69"/><V134/><F112/><W58/><G72/><T33/><D120/><U132/><E34/><V11/><F98/><W90/><G6/><T126/><D115/><U92/><E114/><V76/><F76/><W50/><G69/><T96/><D128/><U17/><E74/><V118/><F118/><W88/><G35/><T131/><D131/><U14/><E132/><V48/><F60/><W16/><G25/><T66/><D126/><U38/><E38/><V7/><REACH who="2" step="1"/><F37/><REACH who="2" ten="231,235,297,227" step="2"/><W12/><G97/><T81/><D96/><U105/><E124/><V47/><F47/><W0/><G100/><T116/><D116/><U122/><E122/><V44/><F44/><W18/><G0/><T129/><D36/><U82/><E109/><V70/><F70/><W86/><G12/><T85/><D71/><U24/><E110/><V61/><F61/><W23/><G23/><T130/><D130/><U125/><E125/><V73/><F73/><W107/><G107/><T19/><D75/><U102/><E105/><V65/><F65/><N who="3" m="39127" /><G90/><T121/><D129/><U93/><E108/><V39/><F39/><W22/><G22/><T113/><D121/><U43/><E14/><V30/><F30/><W78/><G78/><T83/><D113/><U64/><E20/><V119/><F119/><W127/><G127/><T59/><D29/><U91/><E91/><V49/><F49/><W106/><G106/><T31/><D31/><U4/><E102/><V27/><F27/><W42/><G42/><T101/><D40/><U111/><E103/><V15/><F15/><W99/><G99/><T55/><D101/><RYUUKYOKU ba="1,1" sc="231,-15,235,-15,297,15,227,15" hai2="1,7,11,13,21,26,28,32,41,46,48,133,134" hai3="16,18,45,50,52,80,84,86,88,89" /><INIT seed="2,2,1,2,0,37" ten="216,220,312,242" oya="2" hai0="31,114,10,75,15,5,30,117,95,120,99,52,84" hai1="4,40,106,19,1,131,103,125,22,111,9,81,78" hai2="109,35,119,63,27,80,29,43,21,128,3,13,88" hai3="0,12,55,89,108,83,50,134,71,74,92,93,38"/><V94/><F119/><W70/><G0/><T115/><D120/><U18/><E111/><V51/><F128/><W133/><G38/><T62/><D117/><U69/><E69/><V65/><F109/><W130/><G108/><T42/><D75/><U66/><E66/><V135/><F3/><W72/><G130/><T110/><D110/><U121/><E121/><V100/><F135/><N who="3" m="51723" /><G12/><T2/><D2/><U116/><E116/><V85/><F13/><W54/><G93/><T16/><D115/><U36/><E125/><V127/><F35/><W79/><G74/><T28/><D114/><U107/><E131/><V122/><F127/><W96/><G55/><T64/><D84/><U33/><E33/><V86/><F122/><W129/><G129/><T102/><D42/><U56/><E40/><V6/><F6/><W60/><G60/><T76/><D76/><U90/><E36/><V113/><F113/><W45/><AGARI ba="2,1" hai="45,50,54,70,71,72,79,83,89,92,96" m="51723" machi="45" ten="30,1100,0" yaku="20,1" doraHai="37" who="3" fromWho="3" sc="216,-5,220,-5,312,-7,242,27" /><INIT seed="3,0,0,3,5,39" ten="211,215,305,269" oya="3" hai0="34,76,125,92,53,32,126,45,35,19,43,77,135" hai1="5,12,127,87,30,14,84,122,80,6,3,120,54" hai2="22,85,4,106,8,99,15,61,59,133,97,33,74" hai3="134,117,24,20,1,123,57,102,70,83,48,116,110"/><W11/><G70/><T7/><D135/><U31/><E3/><V88/><F74/><W115/><G102/><T121/><D121/><U89/><E80/><V68/><F33/><W94/><G123/><T71/><D71/><U90/><REACH who="1" step="1"/><E54/><REACH who="1" ten="211,205,305,269" step="2"/><V130/><F133/><W27/><G134/><T109/><D53/><U52/><E52/><V91/><F130/><W75/><G83/><T86/><D126/><AGARI ba="0,1" hai="5,6,12,14,30,31,84,87,89,90,120,122,126,127" machi="126" ten="25,8000,1" yaku="1,1,22,2,53,2" doraHai="39" doraHaiUra="2" who="1" fromWho="0" sc="211,-80,205,90,305,0,269,0" /><INIT seed="4,0,0,0,0,21" ten="131,295,305,269" oya="0" hai0="9,66,107,121,16,71,32,87,52,20,30,39,78" hai1="23,77,5,12,11,133,50,128,96,69,93,14,59" hai2="46,33,0,118,44,43,126,88,25,103,89,92,47" hai3="58,29,54,122,91,120,68,64,28,102,1,38,134"/><T42/><D121/><N who="3" m="46697" /><G1/><T111/><D107/><U18/><E69/><V6/><F126/><W31/><G38/><T125/><D125/><U117/><E117/><V110/><F110/><W60/><G134/><T129/><D129/><U104/><E133/><V24/><F33/><W75/><G75/><T70/><D111/><U84/><E104/><V56/><F0/><W113/><G113/><T97/><D97/><U135/><E135/><V83/><F6/><W22/><G102/><T15/><D32/><U99/><E128/><V94/><F103/><W62/><G91/><N who="2" m="34889" /><F83/><W72/><G72/><T124/><D124/><U2/><E2/><V7/><F7/><W116/><G116/><T114/><D114/><U57/><E93/><N who="2" m="35947" /><F118/><W108/><G108/><T98/><D98/><N who="1" m="37419" /><E50/><V63/><F43/><W109/><G109/><T81/><D42/><U41/><E41/><V51/><F51/><W101/><G101/><T132/><D132/><U26/><E84/><V105/><F105/><W123/><N who="3" m="46705" /><W3/><DORA hai="86" /><G3/><T80/><D39/><U76/><E76/><V55/><AGARI ba="0,0" hai="24,25,44,46,47,55,56,63" m="35947,34889" machi="55" ten="30,12000,2" yaku="8,1,52,5,54,1" doraHai="21,86" who="2" fromWho="2" sc="131,-60,295,-30,305,120,269,-30" /><INIT seed="5,0,0,0,2,115" ten="71,265,425,239" oya="1" hai0="37,51,82,0,33,24,46,20,41,43,80,32,40" hai1="81,111,71,96,102,129,14,110,22,112,29,121,88" hai2="75,95,135,133,131,61,39,106,27,15,60,7,67" hai3="99,49,98,2,47,128,6,44,125,91,28,13,53"/><U127/><E121/><V113/><F106/><W97/><G2/><T23/><D0/><U124/><E71/><V3/><F75/><W58/><G125/><N who="1" m="48202" /><E112/><V17/><F39/><W1/><G1/><T50/><D37/><U100/><E29/><V12/><F27/><W30/><G128/><T107/><D107/><U126/><N who="1" m="48210" /><U94/><DORA hai="89" /><E129/><V18/><F131/><W9/><G91/><T59/><D59/><U66/><E66/><V21/><F67/><W118/><G118/><T104/><D104/><U77/><E22/><V54/><F21/><W55/><REACH who="3" step="1"/><G44/><REACH who="3" ten="71,265,425,229" step="2"/><T90/><D90/><U76/><E76/><V79/><F79/><W130/><G130/><T64/><D46/><U31/><E31/><V83/><F113/><W78/><G78/><T35/><D64/><U48/><E102/><V119/><F119/><W116/><G116/><T70/><D70/><U11/><E100/><V103/><F103/><W134/><G134/><T108/><D108/><U109/><E109/><V45/><F3/><W84/><G84/><T36/><D36/><U42/><E77/><V87/><F45/><W34/><G34/><T101/><D101/><U5/><E81/><V85/><F83/><N who="0" m="31786" /><D24/><U25/><E25/><V16/><F133/><W69/><G69/><T8/><D8/><U62/><E111/><V93/><F135/><W120/><G120/><T65/><D65/><U52/><E110/><V117/><F117/><W56/><G56/><T123/><D123/><U74/><E74/><V38/><F38/><W72/><G72/><T10/><D10/><U92/><E11/><RYUUKYOKU ba="0,1" sc="71,15,265,-15,425,-15,229,15" hai0="20,23,32,33,35,40,41,43,50,51" hai3="6,9,13,28,30,47,49,53,55,58,97,98,99" /><INIT seed="6,1,1,4,2,5" ten="86,250,410,244" oya="2" hai0="33,123,42,48,2,86,79,76,96,101,108,44,134" hai1="81,57,63,30,9,83,102,78,87,132,75,99,113" hai2="16,51,56,103,55,18,26,112,43,17,90,125,19" hai3="72,40,130,25,7,118,12,61,6,100,126,77,129"/><V64/><F112/><W88/><G118/><T21/><D134/><U35/><E113/><V60/><F125/><W69/><G100/><T74/><D108/><U1/><E132/><V107/><F107/><W29/><G126/><T120/><D33/><U114/><E114/><V85/><F103/><W4/><G40/><T122/><D2/><U37/><E37/><V71/><F43/><W36/><G36/><T124/><D124/><U14/><E1/><V82/><N who="2" m="4096" /><DORA hai="38" /><V65/><F65/><W89/><G12/><T80/><D21/><U50/><E50/><V22/><F22/><W127/><G127/><T53/><D53/><U106/><E14/><V68/><REACH who="2" step="1"/><F26/><REACH who="2" ten="86,250,400,244" step="2"/><W62/><G25/><T121/><N who="0" m="30720" /><DORA hai="91" /><T135/><D135/><U52/><E106/><V128/><F128/><W31/><G130/><T32/><D32/><U49/><E102/><V116/><F116/><W54/><G129/><T111/><D111/><U59/><E35/><V34/><F34/><W24/><G24/><T104/><REACH who="0" step="1"/><D76/><REACH who="0" ten="76,250,400,244" step="2"/><U73/><E78/><V39/><F39/><W109/><G77/><T47/><D47/><AGARI ba="1,3" hai="47,51,55,56,60,64,68,71,82,85,90" m="4096" machi="47" ten="50,9600,0" yaku="1,1,54,1,53,1" doraHai="5,38,91" doraHaiUra="20,84,131" who="2" fromWho="0" sc="76,-99,250,0,400,129,244,0" owari="-23,-52.0,250,5.0,529,63.0,244,-16.0" /></mjloggm>