<mjloggm ver="2.3"><GO type="169" lobby="0"/><UN n0="%E9%BD%8B%E8%97%A4%E9%A3%9B%E9%B3%A5%E4%B8%B6" n1="%62%69%67%6D%6F%75%74%68" n2="%6C%65%6F%31%36%30" n3="%43%E3%82%A8%E3%83%BC%E3%82%B8%E3%82%A7%E3%83%B3%E3%83%88" dan="16,17,17,16" rate="2063.17,2157.37,2145.14,2083.99" sx="F,M,M,M"/><TAIKYOKU oya="0"/><INIT seed="0,0,0,4,4,95" ten="250,250,250,250" oya="0" hai0="104,7,127,60,0,10,2,22,35,15,63,77,49" hai1="118,74,125,120,61,66,5,117,89,79,59,80,50" hai2="58,93,114,43,57,47,70,68,97,72,132,73,36" hai3="16,45,20,101,76,82,108,4,24,56,19,27,21"/><T133/><D127/><U91/><E120/><V111/><F114/><W124/><G124/><T46/><D104/><U81/><E125/><V116/><F111/><W90/><G108/><T65/><D133/><U128/><E128/><V103/><F132/><W87/><G4/><T1/><D35/><U62/><E5/><V75/><REACH who="2" step="1"/><F116/><REACH who="2" ten="250,250,240,250" step="2"/><W48/><G101/><T88/><D0/><U85/><E118/><V131/><F131/><W32/><G32/><T106/><D2/><U107/><E117/><V99/><F99/><W78/><REACH who="3" step="1"/><G56/><AGARI ba="0,1" hai="36,43,47,56,57,58,68,70,72,73,75,93,97,103" machi="56" ten="40,8000,1" yaku="1,1,52,1,53,3" doraHai="95" doraHaiUra="52" who="2" fromWho="3" sc="250,0,250,0,240,90,250,-80" /><INIT seed="1,0,0,0,2,57" ten="250,250,330,170" oya="1" hai0="28,111,131,9,55,75,96,6,31,15,20,125,83" hai1="124,106,86,87,120,122,90,12,14,66,134,47,61" hai2="93,51,110,32,68,53,84,88,92,64,36,79,123" hai3="73,38,130,65,101,104,43,103,0,22,16,109,128"/><U105/><E134/><V27/><F123/><W19/><G0/><T42/><D111/><U1/><E1/><V97/><F36/><W41/><G73/><T114/><D125/><U30/><E124/><V102/><F110/><W62/><G109/><T56/><D114/><U94/><E30/><V8/><F79/><W100/><G104/><T18/><D42/><N who="3" m="15881" /><G38/><T115/><D131/><N who="3" m="50217" /><G22/><T63/><D115/><U72/><E72/><V78/><F78/><W107/><G107/><T74/><D83/><U70/><E47/><V13/><F32/><W34/><G34/><T76/><D76/><U60/><E106/><V10/><F27/><W3/><G3/><T52/><D75/><U58/><E105/><V21/><F68/><AGARI ba="0,0" hai="16,19,62,65,68,100,101,103" m="50217,15881" machi="68" ten="30,3900,0" yaku="19,1,52,1,54,1" doraHai="57" who="3" fromWho="2" sc="250,0,250,0,330,-39,170,39" /><INIT seed="2,0,0,5,0,64" ten="250,250,291,209" oya="2" hai0="131,66,128,90,118,91,117,119,125,121,27,89,88" hai1="25,134,76,97,129,50,7,39,70,102,54,28,46" hai2="69,51,44,20,73,59,35,19,48,2,109,10,37" hai3="112,71,33,72,110,84,105,22,49,8,130,17,133"/><V135/><F35/><W78/><G33/><T26/><D121/><U65/><E134/><V95/><F73/><W132/><G105/><T30/><D125/><U75/><E129/><N who="0" m="49737" /><D66/><U116/><E116/><V77/><F77/><W92/><G130/><T0/><D0/><U123/><E123/><V115/><F115/><W100/><G112/><T114/><D114/><U31/><E39/><V32/><F32/><W81/><G8/><T99/><D30/><U58/><E7/><V98/><F135/><W68/><G110/><T45/><D45/><U63/><E76/><V122/><F122/><W87/><G133/><T103/><N who="0" m="22528" /><DORA hai="42" /><T15/><D15/><U4/><E75/><V86/><F86/><W9/><G9/><T6/><D6/><U40/><E4/><V93/><F10/><W61/><G132/><T80/><D80/><U43/><E31/><V120/><F2/><W106/><G106/><AGARI ba="0,0" hai="26,27,99,103,106,117,118,119" m="22528,49737" machi="106" ten="50,6400,0" yaku="12,1,19,1,54,1" doraHai="64,42" who="0" fromWho="3" sc="250,64,250,0,291,0,209,-64" /><INIT seed="3,0,0,5,0,13" ten="314,250,291,145" oya="3" hai0="114,32,14,8,36,6,81,87,65,48,73,52,30" hai1="0,133,70,131,39,100,46,66,113,126,106,125,60" hai2="18,101,119,55,135,104,82,62,115,54,40,102,51" hai3="9,2,92,105,57,124,4,84,29,21,132,129,88"/><W59/><G124/><N who="1" m="47722" /><E0/><V63/><F115/><W72/><G129/><T26/><D36/><U116/><E113/><V80/><F119/><W15/><G132/><T112/><D73/><U17/><E133/><V33/><F33/><W109/><G72/><T71/><D71/><U94/><E94/><V41/><F135/><W107/><G109/><T69/><D65/><U34/><E34/><V58/><F104/><W68/><G68/><T103/><D69/><U16/><E131/><V97/><F97/><W44/><G44/><T7/><D103/><U123/><E116/><V23/><F102/><W31/><G31/><T38/><D38/><U61/><E123/><V83/><F101/><W45/><G45/><T122/><D122/><U108/><E108/><V117/><F117/><W78/><G78/><T130/><D130/><U110/><E110/><V43/><REACH who="2" step="1"/><F54/><REACH who="2" ten="314,250,281,145" step="2"/><W67/><G107/><T49/><D112/><U86/><E100/><V90/><F90/><W74/><G105/><T42/><D114/><U12/><E106/><V121/><F121/><W27/><G67/><T37/><D32/><U96/><E96/><V3/><F3/><W79/><REACH who="3" step="1"/><G2/><REACH who="3" ten="314,250,281,135" step="2"/><T56/><D42/><N who="1" m="22879" /><E66/><V24/><AGARI ba="0,2" hai="18,23,24,40,41,43,51,55,58,62,63,80,82,83" machi="24" ten="30,7900,0" yaku="1,1,0,1,8,1,52,1,53,0" doraHai="13" doraHaiUra="120" who="2" fromWho="2" sc="314,-20,250,-20,281,99,135,-39" /><INIT seed="4,0,0,2,3,75" ten="294,230,380,96" oya="0" hai0="28,61,82,113,23,88,103,68,125,50,62,20,107" hai1="5,64,16,71,110,37,47,12,43,77,118,48,76" hai2="134,33,93,32,13,131,34,6,94,14,66,83,51" hai3="25,99,95,4,18,40,132,30,122,86,97,135,1"/><T29/><D113/><U8/><E118/><V9/><F66/><W31/><G122/><T2/><D2/><U115/><E110/><V39/><F39/><W36/><G4/><T19/><D125/><U106/><E106/><V126/><F126/><W89/><G1/><T72/><D50/><U56/><E115/><V92/><F131/><W127/><G127/><T70/><D103/><U63/><E5/><V22/><F134/><W87/><G87/><T55/><D55/><AGARI ba="0,0" hai="8,12,16,37,43,47,48,55,56,63,64,71,76,77" machi="55" ten="40,8000,1" yaku="24,2,52,2,54,1" doraHai="75" who="1" fromWho="0" sc="294,-80,230,80,380,0,96,0" /><INIT seed="5,0,0,1,3,33" ten="214,310,380,96" oya="1" hai0="101,105,113,70,72,50,34,32,111,81,71,23,120" hai1="87,74,43,7,1,73,124,40,78,123,121,117,16" hai2="2,130,48,49,97,31,135,77,65,67,127,94,57" hai3="44,42,107,20,30,84,59,58,11,104,46,83,61"/><U8/><E117/><V110/><F110/><W35/><G35/><T103/><D111/><U91/><E124/><V76/><F2/><W80/><G11/><T75/><D50/><U41/><E78/><V19/><F127/><W114/><G114/><T29/><D23/><U122/><REACH who="1" step="1"/><E16/><REACH who="1" ten="214,300,380,96" step="2"/><V69/><F19/><W12/><G30/><T95/><D29/><U90/><E90/><V39/><F31/><W36/><G107/><T133/><D105/><U24/><E24/><V109/><F77/><W132/><G104/><T79/><D79/><U54/><E54/><V118/><F76/><W15/><G132/><T131/><D133/><U134/><E134/><V4/><F135/><W115/><G115/><T89/><D113/><U0/><E0/><V85/><F118/><W102/><G102/><T18/><D103/><U9/><E9/><V119/><F119/><W47/><G12/><T92/><D89/><U52/><E52/><V112/><F112/><W22/><G15/><T3/><D3/><U26/><E26/><V96/><F109/><W17/><G17/><T106/><D18/><U129/><E129/><V93/><F130/><W60/><G42/><T99/><D101/><U68/><E68/><V25/><F69/><W116/><G116/><T6/><D70/><U45/><E45/><V66/><F25/><W53/><G36/><T98/><D71/><U100/><E100/><V88/><F39/><W64/><REACH who="3" step="1"/><G84/><REACH who="3" ten="214,300,380,86" step="2"/><T128/><D131/><U13/><E13/><V55/><F85/><W62/><G62/><T108/><D128/><U125/><E125/><V126/><F126/><RYUUKYOKU ba="0,2" sc="214,-15,300,15,380,-15,86,15" hai1="1,7,8,40,41,43,73,74,87,91,121,122,123" hai3="20,22,44,46,47,53,58,59,60,61,64,80,83" /><INIT seed="5,1,2,0,2,88" ten="199,315,365,101" oya="1" hai0="47,25,16,13,81,123,9,46,104,51,52,115,63" hai1="57,80,23,18,19,127,48,6,53,36,10,84,32" hai2="99,43,34,42,69,27,12,74,41,0,49,122,91" hai3="28,60,58,92,90,126,4,102,132,124,22,110,7"/><U37/><E32/><V24/><F0/><W77/><G110/><T82/><D123/><U103/><E127/><N who="3" m="48682" /><G77/><T50/><D115/><U125/><E125/><V35/><F122/><W64/><G132/><T98/><D63/><U55/><E103/><V120/><F120/><W66/><G64/><T70/><D70/><U107/><E107/><V21/><F69/><W56/><G58/><T97/><D25/><U61/><E37/><V73/><F99/><N who="0" m="37898" /><D104/><U8/><E36/><V89/><F49/><W112/><G112/><T11/><D9/><U128/><E128/><V134/><F12/><W86/><G102/><T93/><D93/><U101/><E101/><V121/><F121/><W1/><G1/><T117/><D117/><U96/><E96/><V45/><F134/><W118/><G118/><T133/><D133/><U62/><E19/><V129/><F27/><AGARI ba="1,2" hai="4,7,22,27,28,56,60,66,86,90,92" m="48682" machi="27" ten="30,2000,0" yaku="18,1,52,1" doraHai="88" who="3" fromWho="2" sc="199,0,315,0,365,-23,101,43" /><INIT seed="6,0,0,4,5,6" ten="199,315,342,144" oya="2" hai0="7,16,66,22,48,3,28,74,53,42,0,108,33" hai1="20,19,117,134,45,113,79,39,64,4,96,60,87" hai2="129,29,112,90,132,95,18,59,133,84,115,109,77" hai3="119,68,69,111,43,78,36,92,37,34,55,44,81"/><V21/><F29/><W104/><G119/><T85/><D74/><U9/><E117/><V120/><F120/><W17/><G111/><T1/><D66/><U72/><E113/><N who="2" m="43595" /><F59/><W24/><G104/><T128/><D42/><U110/><E110/><V98/><F21/><W12/><G92/><T71/><D71/><U46/><E134/><N who="2" m="51819" /><F18/><W14/><G55/><T126/><D28/><U131/><E131/><V94/><F109/><W75/><G36/><T93/><D108/><U47/><E72/><V101/><F77/><W106/><G106/><T123/><D123/><U73/><E73/><V121/><F121/><W86/><G75/><T32/><D128/><AGARI ba="0,0" hai="84,90,94,95,98,101,128,129" m="51819,43595" machi="128" ten="40,12000,1" yaku="15,1,20,1,34,2" doraHai="6" who="2" fromWho="0" sc="199,-120,315,0,342,120,144,0" /><INIT seed="6,1,0,2,3,29" ten="79,315,462,144" oya="2" hai0="94,87,96,64,135,120,86,32,48,26,75,19,16" hai1="91,102,92,39,108,133,106,60,89,111,51,30,88" hai2="78,21,13,107,118,44,36,43,58,34,110,73,18" hai3="109,74,121,56,40,70,84,81,130,83,41,76,72"/><V33/><F118/><W23/><G70/><T99/><D75/><U80/><E39/><V125/><F107/><W85/><G109/><T6/><D135/><U105/><E30/><V115/><F110/><W1/><G1/><T61/><D6/><U104/><E60/><V82/><F115/><W127/><G127/><T9/><D120/><U22/><E22/><V31/><F125/><W114/><G130/><T53/><D96/><U103/><E51/><V3/><F3/><W28/><G56/><T54/><D54/><U62/><E62/><V14/><F31/><W4/><G4/><T101/><D9/><U65/><E65/><V2/><F2/><W50/><G121/><T97/><D97/><N who="1" m="59687" /><E133/><V131/><F131/><W98/><G98/><T25/><D25/><U45/><E45/><V52/><F13/><W122/><G122/><T27/><D27/><U113/><E113/><V116/><F116/><W38/><G38/><T119/><D119/><U69/><E69/><V67/><F67/><W15/><G28/><T17/><D32/><U12/><E12/><V5/><F5/><W47/><G40/><T59/><REACH who="0" step="1"/><D26/><REACH who="0" ten="69,315,462,144" step="2"/><U90/><E103/><V77/><F77/><W8/><G114/><T79/><D79/><U11/><E11/><V46/><F46/><AGARI ba="1,1" hai="16,17,19,46,48,53,59,61,64,86,87,94,99,101" machi="46" ten="40,5200,0" yaku="1,1,8,1,54,1,53,0" doraHai="29" doraHaiUra="129" who="0" fromWho="2" sc="69,65,315,0,462,-55,144,0" /><INIT seed="7,0,0,1,0,10" ten="134,315,407,144" oya="3" hai0="110,45,73,123,66,128,56,36,1,64,126,11,28" hai1="75,103,80,18,102,96,30,71,44,83,85,40,2" hai2="74,60,16,124,55,99,24,105,120,59,52,106,135" hai3="119,67,134,95,115,53,98,58,93,57,12,14,21"/><W9/><G115/><T48/><D110/><U132/><E2/><V77/><F74/><W72/><G72/><T91/><D123/><U101/><E71/><V33/><F77/><W116/><G134/><T37/><D73/><U87/><E30/><V122/><F135/><W4/><G119/><T78/><D126/><U121/><E132/><V125/><F55/><W127/><G127/><N who="2" m="48713" /><F99/><W92/><G116/><T0/><D78/><U22/><E121/><N who="2" m="46699" /><F16/><N who="3" m="10375" /><G67/><T6/><D66/><U26/><E75/><V23/><F23/><W54/><G54/><T70/><D70/><U82/><E96/><V113/><F113/><W46/><G98/><T79/><D79/><U31/><REACH who="1" step="1"/><E18/><REACH who="1" ten="134,305,407,144" step="2"/><V114/><F114/><W50/><AGARI ba="0,1" hai="4,9,14,46,50,53,57,58,92,93,95" m="10375" machi="50" ten="30,11700,0" yaku="8,1,52,2,54,1" doraHai="10" who="3" fromWho="3" sc="134,-39,305,-39,407,-39,144,127" /><INIT seed="7,1,0,3,3,96" ten="95,266,368,271" oya="3" hai0="109,34,45,37,15,56,134,99,32,97,98,72,67" hai1="131,114,49,82,121,18,100,44,36,95,130,120,23" hai2="115,46,86,35,14,126,79,22,71,113,17,77,128" hai3="129,19,116,7,1,90,27,85,0,105,106,104,122"/><W40/><G116/><T42/><D109/><U74/><E36/><V68/><F128/><N who="1" m="49193" /><E114/><N who="2" m="43531" /><F126/><W10/><G122/><N who="1" m="47210" /><E74/><V73/><F35/><W62/><G129/><T65/><D134/><U51/><E82/><N who="2" m="45359" /><F46/><W8/><G62/><T89/><D72/><U108/><E108/><V13/><F13/><W93/><G40/><T66/><D15/><N who="1" m="9695" /><E44/><V4/><F4/><W57/><G57/><T91/><REACH who="0" step="1"/><D56/><REACH who="0" ten="85,266,368,271" step="2"/><U123/><E123/><V20/><F68/><W81/><G0/><T70/><D70/><U83/><E83/><V92/><F71/><W118/><G118/><T80/><D80/><U48/><E95/><V64/><F92/><W61/><G81/><T24/><D24/><U25/><E25/><V11/><F14/><W60/><G27/><T53/><D53/><U84/><E84/><V133/><F86/><W6/><G19/><T125/><D125/><U111/><E111/><V55/><F17/><W33/><G33/><T26/><D26/><U38/><E38/><V107/><F55/><W110/><G110/><T31/><D31/><U21/><E21/><V30/><F22/><W87/><G87/><T47/><D47/><U43/><E43/><V112/><F20/><W75/><G75/><T41/><D41/><U119/><E119/><V28/><F30/><W69/><G69/><T39/><D39/><U54/><E54/><V117/><F28/><W29/><G29/><T16/><D16/><U76/><E76/><V78/><F112/><W135/><G135/><T94/><D94/><U132/><E132/><V3/><F133/><W127/><G127/><T2/><D2/><RYUUKYOKU ba="1,1" sc="85,10,266,10,368,-30,271,10" hai0="32,34,37,42,45,65,66,67,89,91,97,98,99" hai1="48,49,51,100" hai3="1,6,7,8,10,60,61,85,90,93,104,105,106" /><INIT seed="7,2,1,4,0,31" ten="95,276,338,281" oya="3" hai0="34,43,76,9,64,0,13,130,67,17,127,50,119" hai1="91,42,90,38,12,53,108,111,14,29,68,121,74" hai2="59,28,40,79,124,113,104,129,133,118,82,87,27" hai3="33,80,48,58,86,73,72,92,122,32,66,83,128"/><W126/><G122/><T7/><D119/><U44/><E121/><V62/><F118/><W5/><G128/><T21/><D127/><U41/><E68/><V75/><F104/><W65/><G5/><T88/><D130/><U85/><E74/><V125/><F129/><W96/><G126/><N who="2" m="48745" /><F40/><W1/><G1/><T106/><D106/><U30/><E44/><V46/><F46/><W37/><G37/><T55/><D76/><U98/><E98/><V70/><F70/><W105/><G105/><T120/><D120/><U116/><E116/><V71/><F71/><W18/><G18/><T63/><D63/><U78/><E78/><V123/><F133/><W35/><G48/><T2/><D2/><U93/><E93/><V110/><F110/><W19/><G19/><T99/><D43/><U36/><REACH who="1" step="1"/><E53/><REACH who="1" ten="95,266,338,281" step="2"/><N who="2" m="34159" /><F123/><W61/><G66/><T56/><REACH who="0" step="1"/><D34/><REACH who="0" ten="85,266,338,281" step="2"/><U60/><E60/><V95/><F79/><W109/><G109/><T6/><D6/><U54/><E54/><V24/><F75/><W8/><G73/><T47/><D47/><U103/><E103/><V97/><F113/><W45/><G45/><T57/><D57/><U10/><E10/><V16/><F97/><W94/><G72/><T51/><D51/><U134/><E134/><V115/><F115/><W77/><G8/><T23/><D23/><U69/><E69/><V49/><F49/><W11/><G11/><T20/><D20/><U3/><E3/><V89/><F89/><N who="3" m="53303" /><G77/><T22/><D22/><U4/><E4/><V84/><F95/><W135/><G135/><T15/><D15/><U52/><E52/><RYUUKYOKU ba="2,3" sc="85,10,266,10,338,-30,281,10" hai0="0,7,9,13,17,21,50,55,56,64,67,88,99" hai1="12,14,29,30,36,38,41,42,85,90,91,108,111" hai3="32,33,35,58,61,65,80,83,94,96" /><INIT seed="7,3,3,2,4,29" ten="95,276,308,291" oya="3" hai0="84,19,2,70,112,83,23,98,113,16,26,126,10" hai1="4,25,132,46,9,130,65,0,97,3,39,124,135" hai2="104,90,7,95,82,99,38,12,111,88,21,31,69" hai3="67,53,5,43,129,79,77,114,87,127,75,78,109"/><W72/><G5/><N who="0" m="1335" /><D70/><U61/><E124/><V107/><F111/><W116/><G67/><T59/><D59/><U47/><E130/><V101/><F38/><W33/><G114/><N who="0" m="44139" /><D98/><U58/><E3/><V28/><F69/><W45/><G53/><T36/><D36/><U62/><E62/><V131/><F131/><W102/><G127/><T57/><D57/><U20/><E97/><V123/><F123/><W40/><G109/><T92/><D92/><U37/><E37/><V120/><F120/><W6/><G6/><T81/><D81/><U86/><E86/><N who="2" m="50263" /><F107/><W32/><G45/><T27/><D84/><U66/><E66/><V30/><F104/><W13/><G87/><T35/><D83/><U49/><E39/><V71/><F71/><W105/><G116/><T117/><D126/><U51/><E47/><V1/><F1/><W85/><G85/><T76/><D76/><U119/><E119/><V22/><F90/><W133/><G133/><N who="1" m="51274" /><E46/><V134/><F134/><W17/><G129/><T89/><D89/><U122/><E122/><V73/><F73/><W24/><G102/><T74/><D74/><U18/><AGARI ba="3,3" hai="0,4,9,18,20,25,49,51,58,61,65" m="51274" machi="18" ten="30,1100,0" yaku="20,1" doraHai="29" who="1" fromWho="1" sc="95,-6,276,50,308,-6,291,-8" owari="89,-41.0,326,43.0,302,10.0,283,-12.0" /></mjloggm>