<mjloggm ver="2.3"><GO type="169" lobby="0"/><UN n0="%69%54%65%6E%68%6F%75" n1="%E6%98%8E%E6%97%A5%E3%81%AE%E3%82%86%E3%81%8F%E3%81%88" n2="%E8%8C%B6%E8%89%B2%E3%81%AE%E3%82%A2%E3%83%AC" n3="%E3%81%AE%E3%81%AF%E3%81%A3%E3%81%A1" dan="16,16,16,16" rate="2184.41,2156.36,2145.08,2066.81" sx="M,F,M,M"/><TAIKYOKU oya="0"/><INIT seed="0,0,0,5,4,104" ten="250,250,250,250" oya="0" hai0="96,32,18,89,59,49,23,30,7,52,126,16,84" hai1="19,39,46,77,116,87,31,78,38,99,127,51,123" hai2="41,93,1,80,26,134,88,33,91,6,76,115,130" hai3="68,64,73,75,42,2,3,14,95,70,129,28,44"/><T114/><D126/><U106/><E116/><V37/><F115/><W57/><G14/><T124/><D124/><U8/><E127/><V121/><F121/><W135/><G95/><N who="0" m="54695" /><D32/><U66/><E123/><V111/><F111/><W50/><G129/><T36/><D36/><U65/><E38/><V71/><F71/><W94/><G94/><T12/><D114/><U10/><E39/><V74/><F130/><W34/><G135/><T40/><D7/><U101/><E31/><N who="2" m="19703" /><F93/><W92/><G92/><T9/><D40/><U107/><E107/><V43/><F43/><W17/><G17/><N who="0" m="8335" /><D96/><U24/><E8/><N who="2" m="2127" /><F134/><W108/><G108/><T60/><D60/><U35/><E10/><V97/><F97/><W47/><G47/><AGARI ba="0,0" hai="37,41,47,74,76,80,88,91" m="2127,19703" machi="47" ten="30,3900,0" yaku="25,1,52,1,54,1" doraHai="104" who="2" fromWho="3" sc="250,0,250,0,250,39,250,-39" /><INIT seed="1,0,0,1,0,122" ten="250,250,289,211" oya="1" hai0="71,60,52,80,69,114,79,11,13,74,125,77,116" hai1="28,129,112,34,6,113,23,27,7,127,109,111,53" hai2="38,48,29,36,40,68,86,2,118,72,3,133,64" hai3="56,15,32,106,131,39,50,62,84,119,9,70,126"/><U61/><E61/><V22/><F118/><W1/><G106/><T75/><D116/><U100/><E100/><V99/><F72/><W43/><G32/><T135/><D114/><N who="1" m="44139" /><E53/><V45/><F64/><W89/><G1/><T65/><D135/><U123/><E123/><V96/><F68/><W90/><G119/><T103/><D125/><U63/><E63/><V132/><F86/><W25/><G25/><T105/><D71/><U18/><E127/><V5/><F22/><W78/><G131/><T42/><D42/><U49/><E49/><V98/><F29/><W58/><G58/><T37/><D37/><U95/><E95/><V107/><F107/><W128/><G128/><T12/><D11/><U41/><E41/><V47/><F36/><W54/><G78/><T134/><D134/><N who="2" m="51818" /><F5/><N who="1" m="1545" /><E129/><V24/><F24/><AGARI ba="0,0" hai="18,23,24,27,28,34,109,111" m="1545,44139" machi="24" ten="40,12000,1" yaku="34,2,52,2" doraHai="122" who="1" fromWho="2" sc="250,0,250,120,289,-120,211,0" /><INIT seed="1,1,0,5,3,51" ten="250,370,169,211" oya="1" hai0="106,47,66,93,112,77,101,127,82,69,10,81,34" hai1="92,84,79,107,71,57,87,135,85,126,17,15,114" hai2="3,134,115,113,45,0,95,22,103,52,116,29,9" hai3="80,21,119,48,23,19,75,55,13,43,8,86,40"/><U25/><E71/><V39/><F116/><W46/><G119/><T121/><D112/><N who="2" m="43082" /><F134/><W100/><G75/><T83/><D34/><U36/><E135/><V38/><F9/><W105/><G105/><T60/><D127/><U73/><E114/><V59/><F29/><W6/><G100/><T90/><D121/><U5/><E126/><V54/><F22/><W53/><G40/><T1/><D47/><U49/><E107/><V96/><F3/><W11/><G11/><T108/><D108/><U33/><E36/><N who="2" m="13867" /><F0/><W63/><G63/><T76/><D10/><N who="1" m="4559" /><E33/><V128/><F128/><W130/><G130/><T97/><D1/><U7/><E73/><V129/><F129/><W104/><G104/><T30/><D30/><U67/><E7/><V14/><F14/><N who="3" m="5399" /><G23/><T58/><REACH who="0" step="1"/><D69/><REACH who="0" ten="240,370,169,211" step="2"/><U89/><E79/><AGARI ba="1,1" hai="13,19,21,43,46,48,53,55,79,80,86" m="5399" machi="79" ten="30,7700,0" yaku="25,1,8,1,52,2" doraHai="51" who="3" fromWho="1" sc="240,0,370,-80,169,0,211,90" /><INIT seed="2,0,0,5,3,99" ten="240,290,169,301" oya="2" hai0="114,5,48,65,132,13,67,111,0,50,97,11,30" hai1="110,15,115,12,72,87,85,93,116,70,46,19,106" hai2="135,130,74,92,90,45,121,36,56,80,2,4,35" hai3="69,94,43,86,83,47,126,113,108,125,81,118,107"/><V109/><F121/><W8/><G69/><T10/><D114/><U52/><E110/><V6/><F35/><W89/><G118/><T32/><D111/><U7/><E106/><V57/><F109/><W41/><G108/><T53/><D132/><U59/><E70/><V22/><F22/><W3/><G107/><T29/><D48/><U1/><E72/><V31/><F31/><W95/><G113/><T33/><D29/><U134/><E134/><V112/><F112/><W14/><G3/><T78/><D78/><U75/><E75/><V60/><F135/><W127/><G81/><T79/><D79/><U124/><E116/><V54/><F130/><W102/><G102/><T24/><D97/><U117/><E1/><V133/><F133/><W17/><REACH who="3" step="1"/><G41/><REACH who="3" ten="240,290,169,291" step="2"/><T16/><REACH who="0" step="1"/><D33/><REACH who="0" ten="230,290,169,291" step="2"/><U20/><E115/><V25/><F2/><W34/><G34/><T71/><D71/><U120/><E117/><V104/><F74/><W63/><G63/><T68/><D68/><U44/><E120/><V100/><F60/><W28/><G28/><T18/><D18/><U27/><E19/><V82/><F6/><W96/><G96/><T26/><D26/><U38/><E7/><V119/><F25/><W73/><G73/><T9/><D9/><U62/><E27/><V91/><F4/><W101/><G101/><T55/><D55/><U129/><E52/><V122/><F100/><W49/><AGARI ba="0,2" hai="8,14,17,43,47,49,83,86,89,94,95,125,126,127" machi="49" ten="30,4000,0" yaku="1,1,0,1,18,1,53,0" doraHai="99" doraHaiUra="98" who="3" fromWho="3" sc="230,-10,290,-10,169,-20,291,60" /><INIT seed="3,0,0,3,4,107" ten="220,280,149,351" oya="3" hai0="50,27,126,72,114,53,5,18,13,44,82,66,23" hai1="35,10,36,56,116,6,112,62,127,103,3,29,97" hai2="20,135,0,133,65,119,109,45,78,4,108,16,95" hai3="7,118,86,74,28,104,131,115,81,46,120,51,110"/><W90/><G115/><T32/><D126/><U79/><E112/><V37/><F65/><W43/><G118/><T113/><D66/><U124/><E116/><V101/><F119/><W42/><G120/><T52/><D53/><U130/><E36/><V73/><F95/><W12/><G131/><T77/><REACH who="0" step="1"/><D5/><REACH who="0" ten="210,280,149,351" step="2"/><U33/><E130/><V117/><F117/><W26/><G7/><T111/><D111/><U30/><E127/><V76/><F109/><W14/><G110/><T11/><D11/><U98/><E124/><V94/><F108/><W31/><G43/><T55/><D55/><U8/><E6/><V75/><F4/><W123/><G123/><T67/><D67/><U88/><E10/><V89/><F0/><W64/><G64/><T99/><D99/><U41/><E8/><V1/><F1/><W106/><G42/><T59/><D59/><U15/><E41/><V24/><F45/><W9/><G9/><T17/><D17/><U25/><E3/><V60/><F60/><W102/><G46/><T92/><D92/><U70/><E56/><V84/><F37/><W22/><G106/><T121/><D121/><U122/><E122/><V63/><F63/><W91/><G104/><T58/><D58/><U49/><E62/><V39/><F39/><W83/><G51/><T38/><D38/><U87/><E49/><V40/><F40/><W34/><G31/><AGARI ba="0,1" hai="13,18,23,27,31,32,44,50,52,72,77,82,113,114" machi="31" ten="40,5200,0" yaku="1,1,52,1,54,1,53,0" doraHai="107" doraHaiUra="2" who="0" fromWho="3" sc="210,62,280,0,149,0,351,-52" /><INIT seed="4,0,0,5,2,85" ten="272,280,149,299" oya="0" hai0="65,118,8,4,79,101,107,37,6,3,17,7,26" hai1="57,135,74,67,87,112,28,124,55,95,97,90,82" hai2="22,11,81,110,103,71,114,52,111,34,75,108,38" hai3="72,19,109,23,106,130,68,94,120,92,32,64,20"/><T47/><D118/><U58/><E124/><V39/><F34/><W96/><G109/><T70/><D79/><U88/><E135/><V12/><F71/><W61/><G130/><T15/><D107/><U0/><E0/><V43/><F114/><W91/><G120/><T51/><D37/><U13/><E112/><V98/><F22/><W115/><G115/><T73/><D73/><U24/><E74/><V49/><F43/><W86/><G32/><T131/><D131/><U46/><E67/><V100/><F75/><W129/><G129/><T27/><D101/><U21/><E13/><V66/><F66/><W29/><G29/><T56/><D70/><U14/><E14/><V33/><F33/><W44/><G44/><T48/><D3/><U80/><E80/><V104/><F81/><W123/><G123/><T116/><D116/><U89/><E89/><V16/><REACH who="2" step="1"/><F103/><REACH who="2" ten="272,280,139,299" step="2"/><W117/><G72/><T69/><D69/><U62/><E57/><AGARI ba="0,1" hai="11,12,16,38,39,49,52,57,98,100,104,108,110,111" machi="57" ten="40,8000,1" yaku="1,1,2,1,54,2,53,1" doraHai="85" doraHaiUra="102" who="2" fromWho="1" sc="272,0,280,-80,139,90,299,0" /><INIT seed="5,0,0,5,5,83" ten="272,200,229,299" oya="1" hai0="33,63,6,113,71,39,22,67,108,95,56,90,51" hai1="70,78,49,126,88,3,115,89,54,76,135,13,127" hai2="40,25,15,53,57,24,80,61,107,58,36,9,37" hai3="98,134,32,110,48,52,133,75,96,47,12,30,73"/><U59/><E3/><V121/><F107/><W44/><G110/><T29/><D108/><U109/><E109/><V92/><F121/><W81/><G12/><T18/><D113/><U11/><E115/><V65/><F40/><W42/><G30/><T114/><D114/><U87/><E70/><V74/><F74/><W38/><G32/><T20/><D33/><U85/><E135/><N who="3" m="51722" /><G81/><T16/><D6/><U93/><E127/><V84/><F92/><W28/><G28/><T68/><D39/><U132/><E126/><V43/><F43/><W60/><G60/><T41/><D71/><U34/><E34/><V14/><F14/><W69/><G69/><T64/><D64/><U123/><E123/><V131/><F131/><W10/><G10/><T0/><D0/><U82/><E132/><V62/><F37/><W1/><G1/><T119/><D119/><U116/><E116/><V111/><F36/><W100/><G98/><T102/><D102/><U124/><E124/><V79/><REACH who="2" step="1"/><F111/><REACH who="2" ten="272,200,219,299" step="2"/><W118/><G118/><T55/><D41/><U128/><E128/><V23/><F23/><W101/><G101/><T122/><D122/><U130/><E130/><V17/><AGARI ba="0,1" hai="9,15,17,24,25,53,57,58,61,62,65,79,80,84" machi="17" ten="20,12000,2" yaku="1,1,0,1,7,1,8,1,52,1,53,1" doraHai="83" doraHaiUra="77" who="2" fromWho="2" sc="272,-30,200,-60,219,130,299,-30" /><INIT seed="6,0,0,1,4,116" ten="242,140,349,269" oya="2" hai0="38,130,135,81,105,131,10,12,132,51,119,88,3" hai1="18,20,75,108,23,49,101,128,99,32,133,48,33" hai2="17,80,14,77,6,28,15,63,58,8,52,36,31" hai3="93,60,61,59,4,94,100,22,56,35,90,83,76"/><V96/><F36/><W2/><G35/><T42/><D38/><U43/><E108/><V24/><F96/><W111/><G111/><T44/><D3/><U107/><E75/><V26/><F26/><W129/><G129/><N who="0" m="49163" /><D105/><U112/><E128/><V53/><F24/><W55/><G2/><T30/><D30/><U72/><E72/><V57/><F80/><W9/><G22/><T134/><D119/><U64/><E112/><V29/><F77/><W68/><G68/><T73/><D73/><U91/><E133/><V34/><F34/><W87/><G4/><N who="0" m="3143" /><D81/><U54/><E64/><N who="2" m="39023" /><F58/><W118/><G118/><T110/><D110/><U0/><E0/><V13/><F13/><W113/><G113/><T117/><D117/><U114/><E114/><V45/><F45/><W125/><G59/><T89/><AGARI ba="0,0" hai="42,44,51,88,89,132,134,135" m="3143,49163" machi="89" ten="40,5200,0" yaku="20,1,19,1,54,1" doraHai="116" who="0" fromWho="0" sc="242,52,140,-13,349,-26,269,-13" /><INIT seed="7,0,0,2,4,45" ten="294,127,323,256" oya="3" hai0="112,101,63,120,7,56,52,25,28,85,110,17,83" hai1="62,6,13,2,24,100,80,92,9,37,15,119,43" hai2="95,69,12,11,113,82,66,91,133,79,41,58,8" hai3="27,115,38,98,97,64,3,61,5,40,21,93,74"/><W134/><G115/><T89/><D120/><U70/><E119/><V39/><F69/><W121/><G134/><T128/><D110/><U106/><E92/><V46/><F113/><W94/><G121/><T114/><D128/><U10/><E43/><V1/><F1/><W135/><G135/><T57/><D7/><U109/><E37/><V118/><F118/><W14/><G74/><T81/><D101/><U107/><E109/><V59/><F66/><W104/><G3/><T126/><D126/><U72/><E24/><V90/><F133/><W130/><G38/><T54/><D17/><U73/><E2/><V111/><F11/><N who="3" m="4463" /><G104/><T20/><REACH who="0" step="1"/><D83/><REACH who="0" ten="284,127,323,256" step="2"/><U55/><E100/><V26/><F26/><W86/><G130/><T0/><D0/><U23/><E80/><V76/><F111/><W78/><G40/><T131/><D131/><U88/><E6/><V29/><F29/><N who="3" m="17647" /><G78/><T125/><D125/><U127/><E127/><V124/><F76/><W117/><G117/><T84/><D84/><U129/><E129/><V4/><F124/><W123/><G123/><T47/><D47/><U99/><E99/><N who="3" m="37898" /><G86/><T44/><D44/><U51/><E23/><V68/><F79/><W116/><G116/><T105/><D105/><U31/><E31/><V16/><F4/><W102/><G102/><T67/><D67/><U48/><E70/><V132/><F68/><W75/><G75/><T35/><D35/><U87/><E87/><N who="2" m="50551" /><F132/><W19/><G19/><T71/><D71/><U36/><E36/><V18/><F18/><W96/><G96/><T122/><D122/><U65/><E65/><RYUUKYOKU ba="0,1" sc="284,10,127,-30,323,10,256,10" hai0="20,25,28,52,54,56,57,63,81,85,89,112,114" hai2="8,12,16,39,41,46,58,59,91,95" hai3="61,64,93,94" /><INIT seed="7,1,1,4,5,34" ten="294,97,333,266" oya="3" hai0="26,117,20,23,32,51,111,104,39,89,59,109,98" hai1="46,69,10,86,106,80,103,114,58,28,21,92,0" hai2="66,57,19,75,76,100,122,42,91,99,71,11,77" hai3="12,65,56,68,3,54,125,25,14,53,43,95,55"/><W85/><G125/><T38/><D117/><U13/><E69/><V44/><F71/><W121/><G121/><T90/><D32/><U33/><E114/><V120/><F91/><W134/><G134/><T1/><D1/><U30/><E106/><V126/><F126/><W96/><G3/><T74/><D74/><U135/><E135/><V63/><F11/><W41/><G68/><T107/><D51/><U18/><E46/><V94/><F19/><W97/><G25/><T82/><D59/><U52/><E33/><V131/><F131/><W70/><G70/><T123/><D82/><U4/><E103/><V116/><F116/><W115/><G115/><T124/><D124/><U118/><E118/><V24/><F24/><W2/><G2/><T49/><D49/><U129/><E129/><V35/><F35/><W101/><G85/><T72/><D72/><U102/><E102/><V22/><F22/><W133/><G97/><T105/><D123/><N who="2" m="47146" /><F75/><W83/><G83/><T112/><D112/><U119/><E119/><V110/><F110/><W17/><G133/><T108/><D98/><U48/><REACH who="1" step="1"/><E92/><REACH who="1" ten="294,87,333,266" step="2"/><V73/><F73/><W36/><G95/><T128/><D107/><U45/><E45/><V9/><F9/><W7/><G101/><T127/><D127/><U84/><E84/><V5/><F100/><W113/><G113/><T16/><D105/><U50/><E50/><N who="2" m="26903" /><F94/><W93/><G93/><T62/><D104/><U79/><AGARI ba="1,2" hai="0,4,10,13,18,21,28,30,48,52,58,79,80,86" machi="79" ten="20,8000,1" yaku="1,1,0,1,7,1,52,1,54,1,53,0" doraHai="34" doraHaiUra="31" who="1" fromWho="1" sc="294,-21,87,103,333,-21,266,-41" owari="273,7.0,190,-31.0,312,41.0,225,-17.0" /></mjloggm>