<mjloggm ver="2.3"><GO type="169" lobby="0"/><UN n0="%E5%9C%92%E5%9F%8E%E5%AF%BA%E2%98%86%E6%80%9C" n1="%E4%BF%BA%E3%82%AF%E3%83%A9%E3%82%B9%E3%81%AF%E3%83%80%E3%83%9E%EF%BC%81" n2="%62%69%67%6D%6F%75%74%68" n3="%E6%96%B0%E6%9C%88%E9%97%87%E9%9F%B3" dan="18,16,17,16" rate="2232.80,2105.07,2182.04,2072.21" sx="F,M,M,M"/><TAIKYOKU oya="0"/><INIT seed="0,0,0,4,2,110" ten="250,250,250,250" oya="0" hai0="115,4,85,57,29,111,42,101,113,64,41,52,133" hai1="98,129,135,84,79,2,127,125,126,46,1,65,23" hai2="44,47,70,99,59,61,119,74,16,93,45,3,53" hai3="9,76,132,38,50,49,75,114,67,66,71,24,106"/><T92/><D111/><U104/><E65/><V128/><F3/><W6/><G106/><T105/><D64/><U102/><E135/><V80/><F128/><W17/><G132/><T69/><D69/><U96/><E129/><V40/><F119/><W32/><G66/><T35/><D133/><U81/><E98/><V83/><F70/><W5/><G5/><T117/><D117/><U82/><E23/><V39/><F80/><W20/><G38/><T25/><D105/><U95/><E104/><V120/><F120/><W68/><G68/><T8/><D41/><U88/><REACH who="1" step="1"/><E46/><REACH who="1" ten="250,240,250,250" step="2"/><V78/><REACH who="2" step="1"/><F16/><REACH who="2" ten="250,240,240,250" step="2"/><W54/><G17/><T26/><D26/><U22/><E22/><V108/><F108/><W73/><G20/><T10/><D4/><U27/><E27/><V21/><F21/><W58/><G24/><T62/><D42/><U94/><E94/><V130/><F130/><W31/><G6/><T112/><REACH who="0" step="1"/><D101/><AGARI ba="0,2" hai="39,40,44,45,47,53,59,61,74,78,83,93,99,101" machi="101" ten="30,3900,0" yaku="1,1,7,1,53,1" doraHai="110" doraHaiUra="77" who="2" fromWho="0" sc="250,-39,240,0,240,59,250,0" /><INIT seed="1,0,0,0,1,89" ten="211,240,299,250" oya="1" hai0="87,130,84,41,32,85,123,105,127,122,114,54,125" hai1="65,22,58,59,6,77,133,11,81,15,79,24,23" hai2="33,102,100,62,51,5,29,53,104,75,47,106,36" hai3="49,57,7,66,82,48,101,35,27,107,99,45,44"/><U109/><E133/><V91/><F75/><W20/><G35/><T131/><D32/><U129/><E129/><N who="0" m="49161" /><D41/><U40/><E109/><V134/><F134/><W71/><G7/><T98/><D114/><U67/><E40/><V86/><F36/><W113/><G113/><T76/><D76/><N who="1" m="29259" /><E81/><V90/><F5/><W115/><G82/><T2/><D54/><U111/><E111/><V37/><F37/><W34/><G34/><T88/><D2/><U112/><E112/><V12/><F12/><W119/><G71/><T56/><D56/><N who="1" m="21547" /><E22/><V30/><F62/><W0/><G119/><T92/><D105/><U121/><E121/><AGARI ba="0,0" hai="84,85,87,88,92,98,121,122,123,125,127" m="49161" machi="121" ten="40,12000,2" yaku="13,1,19,1,34,2,52,1,54,1" doraHai="89" who="0" fromWho="1" sc="211,120,240,-120,299,0,250,0" /><INIT seed="2,0,0,2,5,11" ten="331,120,299,250" oya="2" hai0="72,27,58,64,3,79,7,86,19,108,98,70,123" hai1="102,39,52,35,42,104,135,122,95,119,25,6,67" hai2="85,129,38,54,114,124,12,66,90,51,91,60,16" hai3="1,56,77,2,31,113,131,116,82,120,112,133,0"/><V63/><F114/><N who="3" m="44139" /><G116/><T34/><D123/><U100/><E119/><V29/><F38/><W22/><G120/><T18/><D108/><U48/><E122/><V132/><F129/><W83/><G131/><T89/><D70/><U80/><E104/><V99/><F132/><W81/><G133/><T118/><D118/><U55/><E67/><V121/><F121/><W107/><G107/><T62/><D98/><U5/><E135/><V32/><F124/><W127/><G127/><T93/><D7/><U36/><E80/><N who="2" m="49447" /><F32/><W41/><G41/><T43/><D3/><U109/><E42/><V94/><F29/><W134/><G134/><T115/><D115/><U75/><E48/><V28/><F28/><W128/><G56/><T87/><D72/><U61/><E25/><V105/><F66/><W88/><G128/><T47/><D34/><U44/><E44/><N who="2" m="28007" /><F105/><W71/><G71/><T69/><D69/><U40/><E35/><V4/><F4/><W49/><G49/><N who="0" m="26879" /><D27/><U13/><E13/><V33/><F33/><W26/><G77/><T97/><D79/><U74/><E40/><V106/><F106/><W46/><G46/><T73/><D73/><U53/><E109/><V111/><F111/><W130/><G130/><T59/><D59/><U92/><REACH who="1" step="1"/><E53/><REACH who="1" ten="331,110,299,250" step="2"/><V96/><F96/><W14/><G1/><T84/><AGARI ba="0,1" hai="18,19,58,62,64,84,86,87,89,93,97" m="26879" machi="84" ten="30,1100,0" yaku="8,1" doraHai="11" who="0" fromWho="0" sc="331,21,110,-3,299,-5,250,-3" /><INIT seed="3,0,0,0,4,17" ten="352,107,294,247" oya="3" hai0="62,103,92,26,113,64,49,120,32,89,129,79,130" hai1="87,2,133,88,78,90,86,35,37,31,7,51,127" hai2="70,69,20,104,106,83,131,66,3,23,132,14,4" hai3="85,72,19,111,8,102,109,76,116,119,114,30,101"/><W77/><G30/><T13/><D120/><U27/><E37/><V124/><F131/><N who="0" m="50186" /><D103/><N who="3" m="39433" /><G8/><T110/><D110/><N who="3" m="41993" /><G19/><T21/><D79/><N who="3" m="30281" /><G85/><N who="0" m="52271" /><D49/><U98/><E51/><V48/><F48/><W50/><G50/><T67/><D32/><U108/><E35/><V44/><F3/><W57/><G57/><T95/><D13/><U34/><E2/><V24/><F70/><W55/><G55/><T52/><D67/><U0/><E0/><V94/><F4/><W96/><G72/><T134/><D64/><U117/><E7/><V36/><F14/><W68/><G68/><T121/><D52/><U118/><E31/><V59/><F59/><W82/><G82/><T46/><D46/><U22/><E34/><V65/><F83/><W10/><G10/><T28/><D62/><U16/><E108/><V41/><F66/><W115/><G96/><T45/><D45/><U81/><E98/><V107/><F69/><W99/><G99/><T5/><D5/><U53/><E53/><V38/><F65/><W73/><G73/><T125/><D26/><U97/><E97/><V1/><F1/><W105/><G105/><T100/><D28/><U54/><E54/><V75/><F75/><W74/><G74/><T61/><D61/><U25/><E81/><V80/><F80/><W33/><G33/><T91/><D100/><U29/><E78/><V6/><F6/><W112/><AGARI ba="0,0" hai="112,114,115,116,119" m="30281,41993,39433" machi="112" ten="40,18000,2" yaku="28,2,14,1,10,1,34,2" doraHai="17" who="3" fromWho="3" sc="352,-60,107,-60,294,-60,247,180" /><INIT seed="3,1,0,4,5,128" ten="292,47,234,427" oya="3" hai0="50,70,3,78,123,134,69,17,27,65,4,31,74" hai1="61,10,38,117,73,21,40,77,7,87,86,57,64" hai2="30,51,88,113,135,48,112,68,66,111,106,108,45" hai3="25,12,47,103,23,101,18,127,84,79,52,115,119"/><W59/><G127/><T116/><D123/><U95/><E117/><V1/><F106/><W9/><G115/><T36/><D116/><U39/><E21/><V107/><F107/><W41/><G119/><T94/><D17/><U62/><E62/><V90/><F1/><W121/><G79/><T34/><D94/><U110/><E110/><N who="2" m="42027" /><F30/><W37/><G84/><T122/><D50/><N who="2" m="18986" /><F45/><W19/><REACH who="3" step="1"/><G121/><REACH who="3" ten="292,47,234,417" step="2"/><T35/><D122/><U93/><E77/><V109/><F109/><W2/><G2/><T53/><D78/><U5/><E86/><V56/><F113/><W97/><G97/><T99/><D99/><U60/><E87/><V131/><F112/><W118/><G118/><T33/><D3/><U6/><E73/><V44/><F131/><W55/><G55/><T76/><D53/><U89/><E40/><V63/><F44/><W67/><G67/><T92/><D65/><U20/><E64/><V125/><F125/><W16/><G16/><T80/><D74/><U83/><E6/><V22/><F68/><W82/><G82/><T133/><D4/><U71/><E71/><V129/><F129/><W114/><G114/><T0/><D0/><U75/><E5/><V96/><F96/><W98/><G98/><T14/><D80/><U8/><E7/><V132/><F22/><W105/><G105/><T104/><D104/><U102/><E20/><V91/><AGARI ba="1,1" hai="56,63,66,88,90,91,132,135" m="18986,42027" machi="91" ten="40,8000,1" yaku="14,1,52,2,54,1" doraHai="128" who="2" fromWho="2" sc="292,-21,47,-21,234,93,417,-41" /><INIT seed="4,0,0,1,1,65" ten="271,26,327,376" oya="0" hai0="131,25,61,33,121,23,44,94,59,62,133,67,118" hai1="34,8,30,42,135,56,84,69,60,93,29,20,3" hai2="98,128,123,68,4,58,82,99,77,89,80,75,71" hai3="113,129,31,2,12,87,66,116,46,63,32,125,14"/><T5/><D121/><U110/><E110/><V73/><F123/><W0/><G116/><T119/><D33/><U21/><E42/><V109/><F109/><W51/><G113/><T45/><D133/><U108/><E108/><V53/><F128/><W103/><G125/><T28/><D131/><U105/><E105/><V95/><F4/><W50/><G50/><T17/><D5/><U9/><E135/><V106/><F75/><W37/><G37/><T78/><D78/><U11/><E3/><V40/><F82/><W91/><G103/><T19/><D119/><U7/><E69/><V130/><F130/><W120/><G120/><T49/><D45/><U104/><E104/><V57/><F40/><W70/><G129/><T1/><D1/><U124/><E124/><V24/><F58/><W16/><G14/><T36/><D36/><U38/><E38/><V81/><F81/><W111/><G31/><N who="1" m="11786" /><E34/><V122/><F122/><W35/><G111/><T107/><D107/><U86/><E7/><V134/><F134/><W72/><G72/><T115/><D115/><U92/><E56/><V15/><F24/><W39/><G39/><T18/><D118/><U55/><E55/><V52/><F15/><W102/><G0/><T22/><D62/><U85/><E60/><V43/><F43/><N who="3" m="25055" /><G2/><T83/><D83/><U100/><E100/><V41/><F41/><W127/><G102/><T101/><D49/><U112/><E112/><V76/><F106/><W64/><G127/><T10/><D44/><U74/><E74/><V27/><F73/><W13/><G35/><N who="0" m="20879" /><D10/><U48/><E48/><RYUUKYOKU ba="0,0" sc="271,15,26,15,327,-15,376,-15" hai0="17,18,19,22,23,59,61,67,94,101" hai1="8,9,11,20,21,84,85,86,92,93" /><INIT seed="4,1,0,0,5,29" ten="286,41,312,361" oya="0" hai0="16,113,15,131,74,7,85,87,25,70,102,39,108" hai1="26,11,96,55,117,35,52,20,122,116,133,104,110" hai2="47,100,80,53,9,126,57,5,37,106,130,101,66" hai3="30,51,12,31,81,34,60,75,68,13,73,2,42"/><T124/><D39/><U69/><E122/><V121/><F121/><W127/><G2/><T33/><D74/><U27/><E110/><V97/><F66/><W76/><G73/><T118/><D118/><U72/><E72/><V135/><F130/><W44/><G31/><N who="0" m="19695" /><D70/><U54/><E69/><V95/><F135/><W78/><G78/><T94/><D131/><U132/><E11/><V114/><F114/><W134/><G127/><T128/><D128/><U64/><E64/><V63/><F126/><W36/><G134/><N who="1" m="51818" /><E27/><V1/><F80/><W38/><G38/><T115/><D124/><U28/><E20/><V103/><REACH who="2" step="1"/><F106/><REACH who="2" ten="286,41,302,361" step="2"/><W86/><G81/><T90/><D108/><U17/><E17/><V92/><F92/><W99/><G68/><T56/><D7/><U23/><E23/><V123/><F123/><W77/><G77/><T43/><D102/><AGARI ba="1,1" hai="26,28,35,52,54,55,96,102,104,116,117" m="51818" machi="102" ten="30,3900,0" yaku="20,1,52,1,54,1" doraHai="29" who="1" fromWho="0" sc="286,-42,41,52,302,0,361,0" /><INIT seed="5,0,0,3,1,71" ten="244,93,302,361" oya="1" hai0="87,64,72,81,77,126,50,128,15,70,122,59,111" hai1="40,74,13,27,25,75,57,125,98,92,104,36,47" hai2="67,114,33,20,31,115,103,63,16,105,0,3,46" hai3="39,129,121,130,38,54,44,91,43,19,113,51,96"/><U48/><E125/><V109/><F109/><W4/><G121/><T99/><D111/><U34/><E104/><V32/><F31/><W100/><G113/><N who="2" m="43017" /><F46/><W82/><G4/><T89/><D126/><U10/><E75/><V11/><F103/><W29/><G29/><T119/><D119/><U58/><E74/><V56/><F105/><W112/><G112/><T2/><D2/><N who="2" m="554" /><F11/><W42/><G19/><T80/><D70/><U35/><E35/><V108/><F108/><W62/><G62/><T8/><D128/><N who="3" m="49257" /><G91/><T7/><D122/><U102/><E34/><V49/><F49/><W22/><G82/><T94/><D50/><U41/><E41/><N who="3" m="15370" /><G22/><T12/><D12/><AGARI ba="0,0" hai="12,16,20,32,33,56,63,67" m="554,43017" machi="12" ten="30,3900,0" yaku="15,1,11,1,54,1" doraHai="71" who="2" fromWho="0" sc="244,-39,93,0,302,39,361,0" /><INIT seed="6,0,0,1,3,76" ten="205,93,341,361" oya="2" hai0="121,25,125,120,65,2,107,53,71,129,135,116,29" hai1="35,123,133,96,42,27,112,16,39,119,56,131,91" hai2="15,9,101,21,49,57,63,126,132,114,12,51,99" hai3="58,54,90,61,110,37,40,68,80,127,38,14,43"/><V33/><F33/><W113/><G110/><T75/><D53/><U94/><E119/><V62/><F114/><W52/><G113/><T88/><D88/><U50/><E112/><V100/><F132/><W81/><G68/><T111/><D65/><U106/><E133/><V6/><F126/><W8/><G127/><T70/><D25/><U124/><E124/><V0/><F63/><W32/><G32/><T128/><D29/><U85/><E123/><V93/><F101/><W98/><G38/><T79/><D79/><U83/><E106/><V86/><F0/><W102/><G54/><T13/><D13/><U1/><E1/><V97/><F97/><W3/><G3/><T11/><D11/><U30/><E131/><V36/><F36/><W41/><G37/><T130/><D130/><U48/><E56/><V73/><F73/><W109/><G109/><T19/><D19/><U55/><E55/><V60/><F60/><W122/><G122/><T44/><D44/><U10/><E39/><V82/><F21/><W103/><G90/><T18/><D2/><U117/><E117/><V92/><F92/><N who="3" m="58695" /><G103/><T26/><D116/><U69/><E69/><V105/><F105/><W84/><G84/><T31/><D107/><U47/><E48/><V66/><F15/><W118/><G118/><T34/><D125/><U22/><E10/><V77/><AGARI ba="0,0" hai="6,9,12,49,51,57,62,66,77,82,86,93,99,100" machi="77" ten="20,7800,0" yaku="0,1,7,1,8,1,52,1" doraHai="76" who="2" fromWho="2" sc="205,-26,93,-26,341,78,361,-26" /><INIT seed="6,1,0,4,0,62" ten="179,67,419,335" oya="2" hai0="15,132,127,110,51,89,69,113,38,79,68,97,34" hai1="115,4,83,117,93,55,82,19,61,126,71,116,60" hai2="80,121,87,27,28,78,72,16,65,92,124,67,2" hai3="94,17,37,102,25,74,114,10,95,12,52,1,134"/><V75/><F121/><W88/><G37/><T120/><D89/><U0/><E115/><V50/><F2/><W73/><G114/><T98/><D79/><U20/><E126/><V105/><F105/><W23/><G1/><T112/><D51/><U13/><E61/><V45/><F124/><W123/><G134/><T8/><D8/><U3/><E55/><V32/><F16/><W86/><G123/><T104/><D15/><U9/><E3/><V96/><F75/><W58/><G95/><T119/><D97/><U70/><E70/><V108/><F108/><W24/><G24/><T18/><D18/><U103/><E103/><V40/><REACH who="2" step="1"/><F72/><REACH who="2" ten="179,67,409,335" step="2"/><W76/><G73/><T77/><D113/><U11/><E11/><V66/><F66/><W44/><G74/><T100/><D112/><U54/><E117/><V84/><F84/><W133/><G17/><T26/><D120/><U36/><E116/><V106/><F106/><W135/><G135/><T31/><D132/><U42/><E0/><V118/><F118/><W131/><G86/><T29/><D119/><U85/><E4/><V109/><F109/><W30/><G133/><T101/><D110/><U39/><E9/><V128/><F128/><W122/><G10/><T35/><D127/><U5/><E5/><V81/><F81/><W64/><G131/><T49/><D104/><U43/><E93/><V125/><F125/><W57/><G94/><T56/><D98/><U21/><E85/><V14/><F14/><W129/><G129/><T111/><D111/><U130/><E130/><V6/><F6/><W22/><G122/><RYUUKYOKU ba="1,1" sc="179,-10,67,-10,409,30,335,-10" hai2="27,28,32,40,45,50,65,67,78,80,87,92,96" /><INIT seed="6,2,1,5,3,97" ten="169,57,439,325" oya="2" hai0="10,53,79,22,69,81,47,24,74,94,67,114,108" hai1="127,70,65,11,83,117,30,62,103,16,51,98,38" hai2="54,73,12,110,91,29,49,121,2,0,27,122,17" hai3="21,84,8,106,124,3,36,76,66,112,37,14,63"/><V39/><F73/><W61/><G84/><T135/><D108/><U64/><E38/><V68/><F39/><W55/><G21/><T57/><D114/><U78/><E117/><V111/><F68/><W80/><G3/><N who="2" m="1065" /><F91/><W34/><G34/><T7/><D135/><U102/><E30/><V131/><F54/><W99/><G55/><T85/><D47/><U56/><E127/><V96/><F96/><W75/><G63/><T89/><D69/><U58/><E98/><V119/><F49/><W48/><G48/><T44/><D44/><U25/><E70/><V129/><F119/><W132/><G61/><T115/><D67/><U60/><E51/><V31/><F31/><W101/><G66/><T125/><D57/><U95/><E95/><V52/><F52/><W87/><G75/><T92/><D53/><U88/><E88/><V107/><F107/><W26/><G106/><T32/><D94/><U41/><E41/><V6/><F6/><W72/><G72/><T46/><D46/><U100/><E25/><V33/><F122/><W13/><G36/><T1/><D92/><U42/><E42/><V71/><F121/><W50/><G50/><T4/><D89/><U9/><REACH who="1" step="1"/><E16/><REACH who="1" ten="169,47,439,325" step="2"/><V130/><F71/><W128/><G26/><T19/><D19/><U86/><AGARI ba="2,2" hai="9,11,56,58,60,62,64,65,78,83,86,100,102,103" machi="86" ten="30,16000,3" yaku="1,1,2,1,0,1,9,1,8,1,52,3,53,0" doraHai="97" doraHaiUra="116" who="1" fromWho="1" sc="169,-42,47,186,439,-82,325,-42" /><INIT seed="7,0,0,0,4,78" ten="127,233,357,283" oya="3" hai0="52,15,134,9,104,83,63,27,55,25,29,41,109" hai1="8,100,13,40,124,59,2,50,11,135,103,133,7" hai2="126,98,99,57,80,61,5,10,14,108,46,60,90" hai3="106,72,64,1,32,132,69,73,6,37,45,39,30"/><W79/><G132/><T31/><D134/><U87/><E124/><V84/><F108/><W110/><G110/><T53/><D109/><U34/><E34/><V48/><F126/><W107/><G64/><T35/><D104/><U94/><E135/><V93/><F57/><W122/><G122/><T36/><D36/><N who="3" m="13897" /><G45/><T67/><D41/><U70/><E70/><V97/><F93/><W121/><G69/><T12/><D67/><U18/><E133/><V123/><F123/><W92/><G92/><T21/><D63/><U113/><E113/><V71/><F71/><W130/><G73/><T44/><D44/><U19/><E19/><V76/><F90/><W66/><G66/><T77/><D15/><U119/><E119/><V112/><F112/><W88/><G88/><T28/><D28/><U118/><E118/><V82/><F82/><N who="3" m="45415" /><G130/><T4/><REACH who="0" step="1"/><D55/><AGARI ba="0,0" hai="5,10,14,46,48,55,60,61,76,80,84,97,98,99" machi="55" ten="40,2600,0" yaku="8,1,52,1" doraHai="78" who="2" fromWho="0" sc="127,-26,233,0,357,26,283,0" owari="101,-40.0,233,-17.0,383,49.0,283,8.0" /></mjloggm>