<mjloggm ver="2.3"><GO type="169" lobby="0"/><UN n0="%E5%85%AD%E9%83%A8%E5%9C%AD" n1="%E9%BA%BB%E9%9B%80%E7%A0%94%E7%A9%B6%E9%83%A8" n2="%E6%B2%96%E3%83%92%E3%82%AB%E3%83%AB%EF%BC%88%E6%9C%AC%E7%89%A9%EF%BC%89" n3="%48%4F%4D%4F%E5%A5%B3" dan="17,16,18,16" rate="2133.03,2086.39,2196.31,2064.28" sx="M,M,F,M"/><TAIKYOKU oya="0"/><INIT seed="0,0,0,4,0,22" ten="250,250,250,250" oya="0" hai0="110,92,127,90,2,122,21,94,10,76,35,68,57" hai1="67,46,91,130,70,37,117,101,75,82,30,26,44" hai2="106,112,125,108,9,132,66,16,55,56,107,113,43" hai3="118,5,48,28,27,72,12,42,128,53,73,74,99"/><T31/><D68/><U54/><E117/><V71/><F108/><W51/><G118/><T102/><D122/><U84/><E130/><V1/><F132/><W133/><G128/><T13/><D127/><U103/><E70/><V7/><F43/><W17/><G133/><T38/><D38/><U49/><E67/><V3/><F3/><W88/><G5/><T123/><D123/><U93/><E37/><V119/><F66/><W50/><G42/><T114/><D76/><U0/><E0/><V134/><F71/><W79/><G79/><T33/><D114/><U47/><E75/><V15/><F125/><W29/><G53/><T63/><D2/><U100/><REACH who="1" step="1"/><E82/><REACH who="1" ten="250,240,250,250" step="2"/><V4/><F1/><W69/><G69/><T52/><D110/><U8/><E8/><V111/><F9/><W36/><G36/><T41/><D10/><U96/><E96/><V116/><F119/><W78/><G73/><T18/><D92/><U58/><E58/><V95/><F56/><W77/><G74/><T32/><D94/><U24/><E24/><V25/><F95/><N who="3" m="56807" /><G72/><T60/><D57/><U61/><E61/><V34/><F116/><W115/><G115/><T86/><D63/><U59/><E59/><V121/><F111/><W89/><G27/><T109/><D60/><U126/><E126/><V83/><F113/><W45/><G45/><T11/><D11/><U87/><E87/><V124/><F112/><W14/><G12/><T80/><D13/><U6/><E6/><V129/><F7/><W131/><G131/><T64/><D109/><U23/><AGARI ba="0,1" hai="23,26,30,44,46,47,49,54,84,91,93,100,101,103" machi="23" ten="30,12000,2" yaku="1,1,0,1,8,1,52,1,53,3" doraHai="22" doraHaiUra="97" who="1" fromWho="1" sc="250,-60,240,130,250,-30,250,-30" /><INIT seed="1,0,0,2,4,113" ten="190,370,220,220" oya="1" hai0="3,102,1,55,100,33,117,15,36,7,71,30,109" hai1="49,35,38,128,101,46,70,39,86,40,68,42,120" hai2="10,114,65,121,72,59,83,103,50,12,95,25,6" hai3="43,5,37,44,19,99,106,91,96,111,74,28,11"/><U79/><E35/><V131/><F114/><W58/><G111/><T0/><D36/><U90/><E120/><V76/><F131/><W2/><G74/><T20/><D71/><U9/><E79/><V4/><F121/><W115/><G115/><T75/><D75/><U135/><E128/><V56/><F25/><W48/><G28/><T82/><D82/><U17/><E101/><V22/><F22/><W24/><G106/><T85/><D85/><U118/><E135/><V51/><F6/><W52/><REACH who="3" step="1"/><G91/><REACH who="3" ten="190,370,220,210" step="2"/><T69/><D30/><U41/><E90/><V88/><F103/><W133/><G133/><T80/><D100/><U18/><E38/><V21/><F88/><W132/><G132/><T78/><D102/><U64/><E39/><V89/><F89/><W62/><G62/><T73/><D73/><U13/><E49/><V47/><F51/><W81/><G81/><T110/><D80/><U125/><E86/><V27/><F50/><W57/><G57/><T123/><D110/><U122/><E122/><V92/><F83/><W130/><G130/><T16/><D123/><U105/><E105/><V127/><F59/><W104/><G104/><T77/><D109/><U97/><E68/><V119/><F56/><W53/><G53/><T26/><D55/><U107/><E70/><V93/><F72/><W94/><G94/><T124/><D69/><U54/><E107/><V134/><F95/><W23/><AGARI ba="0,1" hai="2,5,11,19,23,24,37,43,44,48,52,58,96,99" machi="23" ten="30,4000,0" yaku="1,1,0,1,54,1,53,0" doraHai="113" doraHaiUra="61" who="3" fromWho="3" sc="190,-10,370,-20,220,-10,210,50" /><INIT seed="2,0,0,5,0,76" ten="180,350,210,260" oya="2" hai0="105,17,106,13,82,18,103,86,49,43,2,118,11" hai1="25,132,110,107,87,72,38,134,23,78,80,79,73" hai2="130,30,7,74,9,12,42,116,120,33,36,108,62" hai3="4,67,101,111,34,131,21,71,6,41,135,29,104"/><V114/><F74/><W48/><G111/><T32/><D32/><U115/><E115/><V54/><F114/><W94/><G131/><T8/><D118/><U40/><E110/><V98/><F108/><W128/><G128/><T15/><D2/><U102/><E40/><V39/><F116/><W95/><G135/><N who="1" m="51754" /><E38/><V24/><F130/><W1/><G21/><T88/><D103/><U112/><E112/><V92/><F42/><W122/><G122/><T127/><D127/><U75/><E102/><V89/><F120/><W97/><G48/><T65/><D65/><U123/><E107/><V22/><F33/><W119/><G41/><T28/><D28/><N who="1" m="17471" /><E123/><V90/><F90/><AGARI ba="0,0" hai="72,73,75,78,79,80,87,90" m="17471,51754" machi="90" ten="40,2600,0" yaku="20,1,52,1" doraHai="76" who="1" fromWho="2" sc="180,0,350,26,210,-26,260,0" /><INIT seed="3,0,0,1,4,130" ten="180,376,184,260" oya="3" hai0="110,94,135,19,4,21,64,77,78,74,116,14,119" hai1="75,95,24,82,44,107,33,112,92,93,60,100,32" hai2="16,114,98,73,15,126,47,8,128,129,131,79,54" hai3="40,49,97,69,38,106,91,80,61,55,62,87,96"/><W85/><G106/><T101/><D110/><U109/><E109/><V53/><F114/><W123/><G123/><T115/><D115/><U122/><E122/><V117/><F117/><W36/><G36/><T65/><D4/><U113/><E44/><V99/><F126/><W43/><G43/><T134/><D116/><U50/><E50/><N who="2" m="28895" /><F54/><W48/><G48/><T45/><D119/><U105/><E60/><V34/><F34/><W52/><G69/><T9/><D45/><U70/><E70/><V59/><F59/><N who="3" m="35047" /><G40/><T121/><D9/><U57/><E57/><V26/><F26/><W20/><G62/><T46/><D46/><U27/><E95/><V41/><F41/><W120/><G120/><T132/><D121/><U108/><E108/><V127/><F127/><W13/><G38/><T86/><D74/><U2/><E75/><V68/><F68/><W133/><G133/><T104/><D104/><U66/><E66/><N who="0" m="25705" /><D86/><U76/><E112/><V125/><F125/><W12/><G87/><T25/><D25/><U103/><E113/><V118/><F118/><W58/><G13/><T51/><D51/><U6/><E32/><V35/><F35/><W90/><G90/><T5/><D5/><U1/><E33/><V102/><F102/><W3/><G3/><T111/><D111/><U17/><E6/><V72/><F72/><W88/><G91/><T31/><D31/><U29/><E2/><V89/><F89/><W67/><G67/><T83/><D83/><AGARI ba="0,0" hai="8,15,16,73,79,83,98,99,128,129,131" m="28895" machi="83" ten="30,2000,0" yaku="19,1,54,1" doraHai="130" who="2" fromWho="0" sc="180,-20,376,0,184,20,260,0" /><INIT seed="4,0,0,5,4,33" ten="160,376,204,260" oya="0" hai0="45,89,90,69,55,13,107,83,127,84,120,121,53" hai1="5,75,71,35,110,10,98,4,31,58,79,34,66" hai2="109,42,27,9,64,122,2,0,40,11,92,101,49" hai3="82,21,52,7,61,51,74,44,103,99,8,134,77"/><T119/><D119/><U112/><E110/><V38/><F109/><W100/><G134/><T54/><D69/><U131/><E131/><V32/><F38/><W36/><G36/><T76/><D107/><U60/><E112/><V78/><F64/><W24/><G61/><T97/><D127/><U56/><E98/><V113/><F78/><W46/><G46/><T114/><D114/><U128/><E128/><V62/><F62/><W18/><REACH who="3" step="1"/><G99/><REACH who="3" ten="160,376,204,250" step="2"/><T16/><D45/><U29/><E60/><V105/><F113/><W39/><G39/><T91/><REACH who="0" step="1"/><D97/><REACH who="0" ten="150,376,204,250" step="2"/><U14/><E71/><V20/><F105/><W41/><G41/><T26/><D26/><U1/><E56/><V123/><F42/><W116/><G116/><T117/><D117/><U15/><E58/><V73/><F40/><W85/><G85/><T80/><D80/><U118/><E118/><V96/><F27/><W70/><G70/><T43/><D43/><U81/><E81/><V133/><F96/><W102/><G102/><T48/><D48/><U6/><E75/><V67/><F49/><W93/><G93/><T95/><D95/><U25/><E25/><V22/><F92/><W130/><G130/><T87/><D87/><U88/><E66/><V135/><F67/><W94/><G94/><T132/><D132/><U111/><E111/><V86/><F101/><W19/><G19/><T17/><D17/><U12/><E29/><V30/><F73/><W125/><G125/><T129/><D129/><U65/><E31/><V63/><F30/><W23/><G23/><AGARI ba="0,2" hai="13,16,23,53,54,55,76,83,84,89,90,91,120,121" machi="23" ten="40,3900,0" yaku="1,1,54,1,53,0" doraHai="33" doraHaiUra="126" who="0" fromWho="3" sc="150,59,376,0,204,0,250,-39" /><INIT seed="4,1,0,1,0,131" ten="209,376,204,211" oya="0" hai0="51,1,26,81,44,20,46,60,31,78,10,43,17" hai1="124,96,129,65,22,30,79,108,16,128,53,123,117" hai2="32,86,12,3,2,72,25,80,111,69,98,103,56" hai3="99,47,42,24,66,29,39,38,82,104,83,23,94"/><T54/><D60/><U77/><E123/><V93/><F111/><W106/><G39/><T67/><D67/><U0/><E117/><V113/><F69/><W90/><REACH who="3" step="1"/><G66/><REACH who="3" ten="209,376,204,201" step="2"/><T73/><D43/><U27/><E65/><V133/><F113/><W75/><G75/><T87/><D73/><U71/><E108/><V95/><F72/><W13/><G13/><N who="0" m="7351" /><D1/><U132/><E0/><V50/><F12/><W7/><G7/><T33/><D33/><U135/><E128/><V49/><F32/><W100/><G100/><T118/><D118/><U14/><E129/><V121/><F103/><W127/><G127/><T64/><D64/><U84/><E124/><V45/><F3/><W107/><AGARI ba="1,1" hai="23,24,29,38,42,47,82,83,90,94,99,104,106,107" machi="107" ten="30,2000,0" yaku="1,1,0,1,53,0" doraHai="131" doraHaiUra="28" who="3" fromWho="3" sc="209,-11,376,-6,204,-6,201,33" /><INIT seed="5,0,0,0,5,56" ten="198,370,198,234" oya="1" hai0="111,110,69,107,102,83,34,16,118,8,5,135,91" hai1="113,63,39,51,47,58,109,49,100,123,19,17,89" hai2="130,26,38,121,62,0,12,31,72,45,30,122,134" hai3="33,71,13,105,106,61,127,7,98,81,1,21,70"/><U15/><E123/><V23/><F0/><W114/><G127/><T116/><D69/><U94/><E113/><V37/><F72/><W131/><G131/><T68/><D68/><U27/><E100/><V35/><F130/><W112/><G33/><T79/><D91/><U29/><E109/><N who="0" m="41481" /><D83/><U32/><E39/><V52/><F134/><W44/><G44/><T82/><D82/><U119/><E119/><N who="0" m="45609" /><D79/><U50/><E15/><V65/><F12/><W86/><G98/><T9/><D102/><U87/><REACH who="1" step="1"/><E47/><REACH who="1" ten="198,360,198,234" step="2"/><V46/><F46/><W60/><G112/><T55/><D107/><U43/><E43/><V95/><F45/><W57/><G106/><T132/><D55/><AGARI ba="0,1" hai="17,19,27,29,32,49,50,51,55,58,63,87,89,94" machi="55" ten="40,3900,0" yaku="1,1,52,1,53,0" doraHai="56" doraHaiUra="64" who="1" fromWho="0" sc="198,-39,360,49,198,0,234,0" /><INIT seed="5,1,0,1,5,73" ten="159,409,198,234" oya="1" hai0="133,108,99,44,65,109,22,98,132,79,21,95,64" hai1="88,135,126,31,3,134,39,63,118,82,29,35,2" hai2="94,127,105,96,86,77,50,120,97,38,106,117,7" hai3="6,56,47,68,104,9,92,16,49,41,130,25,27"/><U112/><E118/><V8/><F38/><W18/><G104/><T54/><D44/><U76/><E39/><V83/><F117/><W10/><G68/><T124/><D95/><U28/><E35/><V13/><F120/><W59/><G92/><T111/><D54/><U0/><E126/><V84/><F127/><W43/><G130/><T101/><D124/><U46/><E46/><V67/><F67/><W53/><G56/><T87/><D87/><N who="1" m="48583" /><E63/><V122/><F122/><W119/><G119/><T20/><D101/><U131/><E88/><N who="2" m="53511" /><F106/><W69/><G69/><T19/><D19/><N who="3" m="7209" /><G6/><T85/><D85/><U5/><E112/><V4/><F105/><W55/><G55/><T110/><N who="0" m="27648" /><DORA hai="57" /><T14/><D79/><U125/><E125/><V58/><F7/><W116/><G116/><T72/><D14/><U15/><E15/><V71/><F71/><W100/><G100/><T1/><D72/><U51/><E131/><V75/><F75/><W61/><G43/><T80/><D80/><U12/><E12/><V129/><F129/><W128/><G128/><T34/><D1/><U78/><E5/><V26/><F26/><AGARI ba="1,0" hai="9,10,25,26,27,41,47,49,53,59,61" m="7209" machi="26" ten="30,3900,0" yaku="8,1,52,1,54,1" doraHai="73,57" who="3" fromWho="2" sc="159,0,409,0,198,-42,234,42" /><INIT seed="6,0,0,2,4,36" ten="159,409,156,276" oya="2" hai0="76,59,83,123,13,64,122,94,103,101,99,42,98" hai1="4,44,67,81,105,72,43,19,120,87,85,114,95" hai2="0,57,113,125,37,93,29,10,38,56,49,30,82" hai3="28,108,70,104,110,109,60,112,21,124,17,126,62"/><V66/><F113/><W18/><G104/><T97/><D13/><U14/><E105/><V84/><F125/><N who="3" m="48235" /><G112/><T45/><D64/><U79/><E120/><V6/><F93/><W22/><G28/><T134/><D59/><U69/><E4/><V91/><F38/><W55/><G55/><T86/><D134/><U51/><E114/><V111/><F37/><W32/><G32/><T5/><D5/><U11/><E95/><V63/><REACH who="2" step="1"/><F111/><REACH who="2" ten="159,409,146,276" step="2"/><W107/><G107/><T1/><D94/><U15/><E81/><V74/><F74/><W75/><G75/><T118/><D118/><U71/><E72/><V35/><F35/><W102/><G109/><T33/><D33/><U25/><E71/><V3/><F3/><W77/><G70/><T89/><D1/><U78/><E69/><V106/><F106/><W27/><G108/><T135/><D135/><U23/><E87/><V31/><F31/><W26/><G110/><T54/><D86/><U133/><E85/><V40/><F40/><W96/><G77/><T12/><D76/><U34/><E133/><V92/><F92/><W121/><G121/><T16/><D123/><U65/><E79/><V119/><F119/><W130/><G130/><T73/><D122/><U80/><E78/><V88/><F88/><W48/><G96/><T100/><D73/><U58/><E80/><V41/><F41/><W128/><G128/><T115/><D115/><U132/><E132/><V131/><F131/><W129/><G129/><T127/><D42/><U7/><E34/><V8/><F8/><W68/><G68/><T39/><D127/><RYUUKYOKU ba="0,1" sc="159,-10,409,-10,146,30,276,-10" hai2="0,6,10,29,30,49,56,57,63,66,82,84,91" /><INIT seed="6,1,1,2,1,6" ten="149,399,176,266" oya="2" hai0="3,80,105,46,16,74,18,64,42,24,114,51,91" hai1="9,130,43,86,79,103,124,93,61,55,7,22,121" hai2="66,70,53,30,102,97,21,41,47,14,78,95,81" hai3="118,57,108,44,8,33,59,49,133,11,25,83,126"/><V117/><F117/><W107/><G108/><T106/><D3/><U13/><E130/><V52/><F70/><W34/><G107/><T69/><D114/><U4/><E124/><V87/><F66/><W129/><G126/><T40/><D40/><U50/><E43/><V122/><F122/><W110/><G110/><T98/><D69/><U68/><E4/><V1/><F1/><W132/><G83/><T32/><D64/><U37/><E37/><V100/><F102/><W5/><G129/><T134/><D134/><N who="3" m="51817" /><G5/><T94/><D32/><N who="3" m="12393" /><G25/><T104/><REACH who="0" step="1"/><D24/><REACH who="0" ten="139,399,176,266" step="2"/><U112/><E68/><V120/><F120/><W123/><G123/><T10/><D10/><N who="3" m="3625" /><G118/><T72/><D72/><U63/><E121/><V27/><REACH who="2" step="1"/><F14/><REACH who="2" ten="139,399,166,266" step="2"/><W19/><G19/><T111/><D111/><U115/><E13/><V36/><AGARI ba="1,3" hai="21,27,30,36,41,47,52,53,78,81,87,95,97,100" machi="36" ten="20,12000,1" yaku="1,1,2,1,0,1,7,1,54,1,53,0" doraHai="6" doraHaiUra="128" who="2" fromWho="2" sc="139,-41,399,-41,166,153,266,-41" /><INIT seed="6,2,0,0,0,77" ten="98,358,319,225" oya="2" hai0="84,45,74,100,80,58,82,47,32,38,123,106,53" hai1="5,40,48,62,108,6,12,73,35,34,112,46,124" hai2="66,26,75,63,61,51,111,120,10,129,88,39,125" hai3="56,13,116,42,128,7,89,29,36,97,86,118,133"/><V50/><F120/><W79/><G128/><T33/><D123/><U27/><E108/><V122/><F122/><W109/><G109/><T3/><D3/><U94/><E73/><V2/><F111/><W57/><G133/><T30/><D106/><U117/><E117/><V110/><F39/><W65/><G29/><T81/><D74/><U134/><E134/><V92/><F75/><W41/><G79/><T18/><D100/><U31/><E124/><V14/><F2/><W64/><G97/><T9/><D33/><U76/><E112/><V72/><F72/><W16/><G7/><T68/><D68/><U93/><E76/><V130/><F26/><W11/><G36/><T131/><D131/><N who="2" m="50186" /><F63/><W43/><G116/><T114/><D114/><U4/><E34/><V8/><F8/><W126/><G126/><T71/><D71/><U21/><E62/><V55/><F55/><W85/><G85/><T23/><D32/><U98/><E98/><N who="2" m="57607" /><F125/><W102/><G102/><T127/><D127/><U25/><REACH who="1" step="1"/><E12/><REACH who="1" ten="98,348,319,225" step="2"/><V107/><F110/><W115/><G115/><T113/><D113/><U19/><AGARI ba="2,1" hai="4,5,6,19,21,25,27,31,35,40,46,48,93,94" machi="19" ten="30,4000,0" yaku="1,1,2,1,0,1,53,0" doraHai="77" doraHaiUra="78" who="1" fromWho="1" sc="98,-12,348,56,319,-22,225,-12" /><INIT seed="7,0,0,2,5,88" ten="86,404,297,213" oya="3" hai0="65,132,43,114,76,51,10,112,86,6,90,103,21" hai1="36,15,22,80,73,2,82,49,95,29,24,52,46" hai2="130,11,94,116,62,129,69,12,57,32,47,30,97" hai3="77,45,71,74,68,84,125,108,61,104,40,35,113"/><W25/><G108/><T111/><D111/><U17/><E2/><V18/><F69/><W33/><G113/><T41/><D132/><U124/><E73/><V133/><F116/><W58/><G125/><T101/><D76/><U126/><E36/><V34/><F47/><W1/><G104/><T120/><D120/><U106/><E106/><V64/><F133/><W89/><G1/><T99/><D65/><U38/><E38/><V3/><F3/><W27/><G77/><T66/><D66/><U13/><E13/><V9/><F9/><W115/><G74/><T44/><D43/><U109/><E109/><V96/><F96/><W135/><G115/><N who="0" m="44075" /><D21/><N who="1" m="11455" /><E95/><V118/><F118/><W105/><G105/><T134/><D99/><U39/><E39/><V20/><F34/><W78/><G78/><T85/><D134/><U119/><E119/><V91/><F32/><W16/><G35/><T121/><D121/><U55/><E55/><V59/><F59/><W72/><G33/><T87/><D90/><U37/><E37/><V31/><F20/><W56/><G89/><T60/><D60/><U70/><E70/><V107/><F107/><W128/><G61/><T28/><D28/><U7/><E7/><V117/><F117/><W102/><G135/><T42/><D41/><U19/><E29/><V4/><F4/><W93/><G40/><T81/><D81/><U110/><E110/><V79/><F79/><W75/><G72/><T23/><D23/><U92/><E22/><V127/><REACH who="2" step="1"/><F127/><REACH who="2" ten="86,404,287,213" step="2"/><N who="1" m="48681" /><E46/><V8/><F8/><W122/><G75/><T50/><D50/><U63/><E49/><RYUUKYOKU ba="0,1" sc="86,15,404,-15,287,15,213,-15" hai0="6,10,42,44,51,85,86,87,101,103" hai2="11,12,18,30,31,57,62,64,91,94,97,129,130" owari="101,-40.0,399,50.0,302,10.0,198,-20.0" /></mjloggm>