<mjloggm ver="2.3"><GO type="169" lobby="0"/><UN n0="%62%61%6B%75%72%61%30%38" n1="%E3%81%8B%E3%81%97%E3%81%8B%E3%81%8A" n2="%66%61%74%65%34%32%39%38" n3="%E3%83%AC%E3%82%AA%E3%83%B3%E3%83%8F%E3%83%AB%E3%83%88" dan="16,16,16,16" rate="2078.51,2139.32,2139.37,2112.02" sx="M,M,M,M"/><TAIKYOKU oya="0"/><INIT seed="0,0,0,0,0,85" ten="250,250,250,250" oya="0" hai0="70,114,83,74,63,112,131,11,71,86,16,113,9" hai1="61,125,124,10,25,56,84,95,40,46,76,38,100" hai2="14,58,107,59,123,93,22,127,57,128,2,77,67" hai3="31,66,0,62,101,50,102,51,117,52,12,37,65"/><T109/><D131/><U36/><E10/><V4/><F107/><W64/><G0/><T116/><D116/><U129/><E129/><V94/><F123/><W130/><G130/><T18/><D74/><U108/><E108/><V15/><F128/><W132/><G117/><T88/><D109/><U6/><E6/><V21/><F77/><W32/><G37/><T105/><D105/><U80/><E36/><V97/><F127/><N who="1" m="48713" /><E25/><V119/><F119/><W99/><G132/><T8/><REACH who="0" step="1"/><D63/><REACH who="0" ten="240,250,250,250" step="2"/><U96/><E56/><V30/><F59/><W60/><G62/><AGARI ba="0,1" hai="38,40,46,61,62,76,80,84,95,96,100" m="48713" machi="62" ten="30,1000,0" yaku="18,1" doraHai="85" who="1" fromWho="3" sc="240,0,250,20,250,0,250,-10" /><INIT seed="1,0,0,0,0,13" ten="240,270,250,240" oya="1" hai0="1,25,32,98,58,108,85,28,47,18,133,6,27" hai1="97,0,134,81,105,55,67,118,20,60,100,120,78" hai2="53,2,130,104,16,17,43,11,106,4,96,12,46" hai3="3,24,68,26,54,74,80,30,112,119,40,117,93"/><U45/><E134/><V131/><F53/><W89/><G112/><T31/><D108/><U29/><E118/><V123/><F123/><W34/><G3/><T52/><D133/><U7/><E120/><V102/><F106/><W38/><G68/><T114/><D114/><U49/><E7/><V73/><F73/><W115/><G115/><T72/><D72/><U132/><E132/><V95/><F104/><W36/><G24/><T44/><D98/><U128/><E128/><N who="2" m="49195" /><F2/><W63/><G40/><T94/><D6/><U92/><E0/><V101/><F102/><W59/><G80/><T62/><D1/><U86/><E105/><V71/><F71/><W103/><G103/><T82/><D94/><U121/><E121/><V37/><AGARI ba="0,0" hai="4,11,12,16,17,37,43,46,95,96,101" m="49195" machi="37" ten="30,7900,0" yaku="19,1,52,2,54,1" doraHai="13" who="2" fromWho="2" sc="240,-20,270,-39,250,79,240,-20" /><INIT seed="2,0,0,0,0,102" ten="220,231,329,220" oya="2" hai0="127,79,88,56,111,77,84,119,13,11,29,101,107" hai1="6,30,10,97,132,106,126,80,16,72,25,57,69" hai2="37,122,27,108,134,59,81,95,129,64,68,135,116" hai3="62,133,113,103,117,70,42,51,65,63,99,98,82"/><V128/><F116/><W75/><G117/><T20/><D119/><U32/><E132/><N who="2" m="50731" /><F122/><W12/><G133/><T35/><D35/><U93/><E126/><V104/><F37/><W4/><G113/><T96/><D111/><U19/><E69/><V60/><F95/><W83/><G98/><T45/><D127/><U14/><E57/><V58/><F81/><W105/><G63/><T53/><D45/><U73/><E106/><V7/><F7/><W47/><REACH who="3" step="1"/><G75/><REACH who="3" ten="220,231,329,210" step="2"/><T92/><D29/><U123/><E123/><V130/><F108/><W125/><G125/><T67/><D67/><U17/><REACH who="1" step="1"/><E80/><REACH who="1" ten="220,221,329,210" step="2"/><V0/><F130/><W5/><G5/><T1/><D1/><U112/><E112/><V3/><F129/><W61/><G61/><T74/><D74/><U114/><E114/><V87/><F128/><W71/><G71/><T38/><D107/><U43/><E43/><V28/><F104/><W50/><G50/><T90/><D38/><U26/><E26/><V41/><F41/><W109/><G109/><T118/><D118/><U121/><E121/><V85/><F3/><W120/><G120/><T9/><D13/><U39/><E39/><V22/><F0/><W34/><G34/><T36/><D36/><U40/><E40/><V55/><F68/><W78/><G78/><T18/><D79/><U66/><E66/><V89/><F64/><W31/><G31/><T15/><D77/><U52/><E52/><V54/><F54/><W86/><G86/><T124/><D124/><U110/><E110/><V115/><F115/><W21/><G21/><T48/><D84/><RYUUKYOKU ba="0,2" sc="220,10,221,10,329,-30,210,10" hai0="9,11,15,18,20,48,53,56,88,90,92,96,101" hai1="6,10,14,16,17,19,25,30,32,72,73,93,97" hai3="4,12,42,47,51,62,65,70,82,83,99,103,105" /><INIT seed="3,1,2,0,5,61" ten="230,231,299,220" oya="3" hai0="124,65,14,123,68,92,83,35,88,81,128,71,116" hai1="32,101,39,57,80,49,41,51,34,94,19,44,113" hai2="38,85,0,102,16,55,131,17,91,130,31,99,132" hai3="45,36,98,86,119,18,133,118,54,50,96,9,60"/><W129/><G129/><N who="2" m="49161" /><F132/><W70/><G133/><T64/><D128/><U93/><E113/><V25/><F0/><W95/><G119/><T12/><D116/><U53/><E80/><N who="0" m="30793" /><D71/><U125/><E125/><V37/><F55/><W73/><G73/><T7/><D68/><U5/><E5/><V66/><F66/><N who="0" m="25706" /><D35/><U26/><E39/><V11/><F91/><N who="3" m="53751" /><G36/><N who="2" m="13929" /><F85/><W10/><G70/><T112/><D123/><U52/><E41/><V6/><F11/><N who="3" m="4107" /><G118/><T62/><D124/><U42/><E42/><V114/><F6/><W3/><G3/><T105/><D105/><U100/><E32/><N who="2" m="20591" /><F114/><W23/><G60/><T47/><D62/><U103/><E34/><V72/><F72/><W82/><G82/><T58/><D7/><U1/><E1/><V84/><F84/><W108/><G108/><T48/><D112/><U75/><E75/><V2/><F2/><W4/><G4/><T111/><D111/><U28/><E93/><AGARI ba="1,2" hai="16,17,93,99,102" m="20591,13929,49161" machi="93" ten="30,2000,0" yaku="19,1,54,1" doraHai="61" who="2" fromWho="1" sc="230,0,231,-23,299,43,220,0" /><INIT seed="4,0,0,3,0,16" ten="230,208,342,220" oya="0" hai0="68,101,35,42,22,132,7,62,84,110,0,18,69" hai1="111,66,4,56,51,15,20,46,55,95,24,124,26" hai2="52,117,17,5,107,133,102,128,50,103,96,34,30" hai3="9,92,78,3,44,109,93,13,135,123,57,76,118"/><T59/><D132/><U129/><E111/><V64/><F133/><W10/><G109/><T97/><D110/><U130/><E124/><V54/><F5/><W83/><G118/><T14/><D42/><U106/><E106/><V75/><F75/><W80/><G135/><T12/><D35/><U98/><E26/><V41/><F103/><W91/><G3/><T126/><D126/><U72/><E72/><V45/><F128/><N who="1" m="49257" /><E4/><V127/><F117/><W70/><G70/><T115/><D84/><U49/><E15/><V85/><F85/><W89/><G57/><T114/><D0/><U122/><E66/><V23/><F64/><W113/><G13/><T116/><D116/><U120/><E49/><V27/><F127/><W37/><G37/><T71/><D14/><AGARI ba="0,0" hai="14,17,23,27,30,34,41,45,50,52,54,96,102,107" machi="14" ten="30,3900,0" yaku="7,1,52,1,54,1" doraHai="16" who="2" fromWho="0" sc="230,-39,208,0,342,39,220,0" /><INIT seed="5,0,0,0,2,63" ten="191,208,381,220" oya="1" hai0="89,50,114,85,107,70,60,92,64,39,3,22,126" hai1="72,122,90,99,91,15,94,78,77,100,58,7,130" hai2="128,87,51,74,102,111,135,42,48,47,30,104,9" hai3="131,123,96,95,36,53,34,28,20,59,106,76,120"/><U113/><E122/><V129/><F111/><W121/><G34/><T83/><D114/><U134/><E113/><V132/><F74/><W12/><G36/><T11/><D39/><U93/><E58/><V16/><F30/><W69/><G69/><T13/><D107/><N who="1" m="63903" /><E15/><N who="2" m="7279" /><F87/><W5/><G106/><T73/><D126/><U105/><E7/><V97/><F48/><W127/><G127/><T32/><D32/><U115/><E115/><V68/><F68/><W14/><G76/><N who="1" m="29290" /><E134/><AGARI ba="0,0" hai="42,47,51,97,102,104,128,129,132,134,135" m="7279" machi="134" ten="30,2000,0" yaku="20,1,54,1" doraHai="63" who="2" fromWho="1" sc="191,0,208,-20,381,20,220,0" /><INIT seed="6,0,0,1,1,113" ten="191,188,401,220" oya="2" hai0="33,20,34,77,24,114,62,73,71,104,87,105,78" hai1="99,14,9,94,107,51,6,60,108,37,61,120,1" hai2="123,65,119,11,93,44,4,36,80,12,97,19,81" hai3="0,16,45,96,10,131,18,21,54,28,91,57,38"/><V30/><F123/><W89/><G131/><T29/><D114/><U35/><E108/><V88/><F30/><W90/><G28/><T83/><D87/><U13/><E120/><V101/><F65/><W82/><G45/><T92/><D92/><U110/><E110/><V102/><F119/><W74/><G38/><T3/><D78/><U25/><E37/><V86/><F4/><W66/><G66/><N who="0" m="41431" /><D20/><U5/><E107/><N who="0" m="41033" /><D34/><U85/><E1/><AGARI ba="0,0" hai="1,3,24,29,33,73,77,83" m="41033,41431" machi="1" ten="30,2000,0" yaku="33,2" doraHai="113" who="0" fromWho="1" sc="191,20,188,-20,401,0,220,0" /><INIT seed="7,0,0,1,4,123" ten="211,168,401,220" oya="3" hai0="104,65,113,128,81,101,68,52,31,93,30,110,125" hai1="21,133,38,22,100,45,90,20,64,56,79,7,36" hai2="127,13,114,48,9,10,109,51,59,83,118,89,102" hai3="19,23,105,135,60,61,33,94,18,122,76,70,107"/><W84/><G33/><T121/><D110/><U87/><E133/><V80/><F109/><W63/><G122/><T66/><D121/><U1/><E100/><V124/><F114/><W71/><G135/><T67/><D104/><U117/><E117/><V131/><F131/><W25/><G71/><T46/><D68/><U134/><E134/><V27/><F102/><W130/><G70/><T3/><D3/><U86/><E1/><V119/><F27/><W108/><G130/><T16/><D125/><N who="2" m="48202" /><F10/><W75/><G108/><T49/><D81/><N who="2" m="31306" /><F89/><N who="3" m="53543" /><G76/><T73/><D73/><U50/><E7/><N who="2" m="3263" /><F59/><W34/><G34/><T28/><D128/><U129/><E129/><V106/><F106/><W77/><G77/><T8/><D113/><U42/><E79/><V40/><F40/><W54/><G75/><T58/><D101/><U39/><E90/><V26/><F26/><W85/><G85/><T91/><D91/><U44/><E56/><V88/><F88/><W35/><G35/><T116/><D93/><U95/><E95/><V15/><F15/><N who="3" m="9695" /><G107/><T62/><D116/><AGARI ba="0,0" hai="48,51,116,118,119" m="3263,31306,48202" machi="116" ten="30,1000,0" yaku="18,1" doraHai="123" who="2" fromWho="0" sc="211,-10,168,0,401,10,220,0" owari="201,-20.0,168,-33.0,411,51.0,220,2.0" /></mjloggm>