<mjloggm ver="2.3"><GO type="169" lobby="0"/><UN n0="%E3%83%A2%E3%82%A4%E3%83%92%E3%83%A3%E3%83%B3" n1="%45%72%77%69%6E%52%64" n2="%E6%96%87%58" n3="%E3%80%90%E7%BD%AA%E6%AD%8C%E3%80%91" dan="16,16,16,17" rate="2074.86,2125.00,2115.04,2184.60" sx="M,M,F,F"/><TAIKYOKU oya="0"/><INIT seed="0,0,0,2,2,94" ten="250,250,250,250" oya="0" hai0="58,106,38,97,119,124,45,47,71,132,21,22,57" hai1="74,109,26,0,55,44,122,64,4,9,60,18,115" hai2="112,67,25,105,116,51,7,126,77,54,99,70,86" hai3="40,100,20,79,120,82,73,6,68,90,95,127,66"/><T59/><D71/><U17/><E122/><V78/><F112/><W131/><G131/><T2/><D119/><U48/><E74/><V34/><F126/><W16/><G127/><T85/><D124/><U110/><E115/><V84/><F7/><W114/><G114/><T28/><D2/><U76/><E76/><V69/><F116/><W111/><G111/><N who="1" m="42506" /><E26/><V118/><F118/><W56/><G6/><T123/><D123/><U32/><E32/><V19/><F70/><AGARI ba="0,0" hai="0,4,9,17,18,44,48,55,60,64,70" m="42506" machi="70" ten="30,1000,0" yaku="14,1" doraHai="94" who="1" fromWho="2" sc="250,0,250,10,250,-10,250,0" /><INIT seed="1,0,0,1,2,11" ten="250,260,240,250" oya="1" hai0="116,79,50,41,63,73,25,93,105,45,102,89,7" hai1="74,76,62,106,91,81,129,86,135,96,23,55,1" hai2="21,115,31,65,3,19,32,111,35,77,33,110,48" hai3="20,107,119,16,90,103,24,83,72,132,42,54,84"/><U133/><E1/><V2/><F77/><W109/><G109/><N who="2" m="41481" /><F65/><W26/><G132/><N who="1" m="50762" /><E23/><V125/><F48/><W131/><G131/><T88/><D116/><U101/><E62/><V69/><F69/><W134/><G134/><T30/><D7/><U0/><E55/><V80/><F80/><W34/><G72/><T68/><D73/><U71/><E0/><N who="2" m="43" /><F125/><W13/><G34/><T36/><D36/><U18/><E71/><V57/><F57/><W118/><G42/><T124/><D124/><U27/><E27/><N who="2" m="18559" /><F115/><W67/><G67/><N who="0" m="41087" /><D79/><U123/><E129/><V37/><F37/><W58/><G103/><T85/><D50/><U8/><E8/><V53/><F53/><W10/><G107/><T38/><D45/><U78/><E18/><V108/><N who="2" m="41489" /><V46/><DORA hai="113" /><F46/><W49/><REACH who="3" step="1"/><G26/><AGARI ba="0,0" hai="19,21,26,33,35" m="18559,43,41489" machi="26" ten="40,5200,0" yaku="14,1,34,2" doraHai="11,113" who="2" fromWho="3" sc="250,0,260,0,240,52,250,-52" /><INIT seed="2,0,0,5,1,48" ten="250,260,292,198" oya="2" hai0="73,57,129,2,126,79,63,46,109,102,18,17,101" hai1="37,4,31,117,23,98,33,89,110,11,82,21,99" hai2="12,35,38,39,112,67,30,120,103,13,96,76,55" hai3="49,92,8,47,113,119,3,115,19,40,116,43,127"/><V122/><F112/><N who="3" m="43083" /><G92/><T93/><D2/><U85/><E117/><N who="3" m="45130" /><G19/><T42/><D109/><U134/><E37/><V124/><F76/><W121/><G8/><T22/><D129/><U114/><E114/><V106/><F67/><W97/><G97/><T0/><D0/><U9/><E110/><V84/><F96/><W108/><G3/><T91/><D79/><U70/><E70/><V41/><F30/><W14/><G14/><T44/><D73/><U95/><E134/><V60/><F35/><W72/><G72/><T132/><D132/><U130/><E130/><V65/><F103/><W53/><G108/><T16/><D22/><U5/><E33/><V81/><F81/><W1/><G1/><T118/><D118/><U51/><E31/><V131/><F84/><W86/><G86/><T25/><D25/><U26/><E26/><V100/><F100/><N who="0" m="38506" /><D42/><N who="3" m="15913" /><G127/><T80/><D80/><U10/><E82/><V128/><F124/><W83/><G83/><T27/><D27/><U135/><E98/><V133/><F106/><W62/><G62/><T28/><D28/><U105/><E99/><V125/><F60/><W69/><G69/><T6/><D6/><U56/><E105/><V77/><F125/><W94/><G94/><T78/><D78/><U52/><E135/><V75/><F77/><W66/><G66/><N who="0" m="39279" /><D126/><U61/><E4/><V15/><F133/><W59/><G121/><T123/><D123/><U45/><E5/><V71/><F71/><W34/><G34/><T20/><D20/><U107/><E107/><V104/><F104/><W54/><G59/><T90/><D93/><RYUUKYOKU ba="0,0" sc="250,10,260,10,292,-30,198,10" hai0="16,17,18,44,46,90,91" hai1="9,10,11,21,23,45,51,52,56,61,85,89,95" hai3="47,49,53,54" /><INIT seed="3,1,0,3,5,60" ten="260,270,262,208" oya="3" hai0="65,15,47,112,27,78,41,73,102,5,24,133,108" hai1="72,46,114,68,94,100,29,54,10,28,45,18,75" hai2="109,130,9,99,92,3,43,31,88,32,57,107,127" hai3="111,128,82,34,122,87,132,53,11,44,120,101,125"/><W16/><G34/><T22/><D108/><U63/><E114/><V67/><F109/><W33/><G33/><T115/><D133/><U23/><E10/><V25/><F130/><W4/><G111/><T51/><D73/><U113/><E72/><V89/><F127/><W40/><G125/><T81/><D102/><U37/><E75/><V129/><F129/><W104/><G128/><T62/><D27/><U110/><E113/><V119/><F119/><W48/><G132/><T8/><D81/><U71/><E71/><V93/><F107/><W35/><G35/><T13/><D78/><U105/><E105/><V20/><F43/><W12/><G101/><T106/><D106/><U61/><E61/><N who="2" m="38319" /><F32/><W52/><G104/><T14/><D112/><U17/><E37/><V56/><F56/><W50/><G4/><T91/><D91/><U59/><E68/><V95/><F3/><W77/><G40/><T55/><D41/><U126/><E126/><V124/><F124/><W117/><G117/><T134/><D115/><U30/><E110/><V97/><F9/><W79/><G77/><T38/><D38/><U2/><E2/><V135/><F135/><W86/><G87/><T64/><D134/><U83/><E83/><V103/><F95/><W74/><G74/><T66/><D62/><U0/><E0/><V84/><F84/><W70/><G70/><T123/><D123/><U121/><E121/><V85/><F85/><W96/><G96/><T1/><D1/><U98/><E23/><V36/><F36/><W118/><G118/><T80/><D80/><U39/><E39/><RYUUKYOKU ba="1,0" sc="260,0,270,0,262,0,208,0" hai0="5,8,13,14,15,22,24,47,51,55,64,65,66" hai1="17,18,28,29,30,45,46,54,59,63,94,98,100" hai2="20,25,31,88,89,92,93,97,99,103" hai3="11,12,16,44,48,50,52,53,79,82,86,120,122" /><INIT seed="3,2,0,5,0,100" ten="260,270,262,208" oya="3" hai0="120,108,76,22,79,101,88,93,14,26,32,52,58" hai1="45,27,77,110,73,16,25,8,113,68,50,43,62" hai2="72,65,17,29,61,114,53,44,60,24,71,99,74" hai3="97,39,19,103,6,95,70,36,83,81,10,121,41"/><W119/><G119/><T66/><D120/><U7/><E113/><V55/><F114/><W4/><G121/><T48/><D108/><U46/><E110/><V63/><F17/><W92/><G70/><T82/><D32/><U115/><E115/><V96/><F71/><W47/><G39/><T64/><D101/><U37/><E62/><V59/><F65/><W118/><G118/><T128/><D128/><U102/><E102/><V78/><F78/><W125/><G125/><T35/><D35/><U40/><E68/><V124/><F124/><W91/><G19/><N who="0" m="10615" /><D26/><U0/><REACH who="1" step="1"/><E16/><REACH who="1" ten="260,260,262,208" step="2"/><V117/><F117/><W67/><G67/><N who="0" m="25643" /><D82/><AGARI ba="2,1" hai="0,7,8,25,27,37,40,43,45,46,50,73,77,82" machi="82" ten="40,8000,1" yaku="1,1,25,2,53,1" doraHai="100" doraHaiUra="3" who="1" fromWho="0" sc="260,-86,260,96,262,0,208,0" /><INIT seed="4,0,0,1,5,107" ten="174,356,262,208" oya="0" hai0="108,88,73,121,48,60,23,49,52,42,100,109,83" hai1="18,64,6,72,7,128,1,15,68,86,47,85,33" hai2="63,45,111,12,22,78,74,116,71,36,51,134,34" hai3="65,114,118,55,69,8,76,28,82,112,94,101,5"/><T131/><D121/><U56/><E33/><V46/><F111/><N who="0" m="42570" /><D131/><U66/><E68/><V110/><F34/><W113/><G55/><T103/><D23/><U67/><E56/><V92/><F110/><W93/><G28/><T89/><D60/><U14/><E47/><V25/><F12/><W58/><G58/><N who="0" m="33031" /><D49/><U104/><E104/><V124/><F51/><W40/><G40/><T20/><D20/><U97/><E66/><V27/><F22/><W61/><G101/><N who="0" m="38987" /><D42/><U17/><E128/><V91/><F63/><W53/><G53/><T102/><D102/><U9/><E9/><V35/><F36/><W41/><G41/><T130/><D130/><U99/><E1/><V31/><F71/><W26/><G26/><T115/><D115/><U127/><E127/><V70/><F25/><W39/><G39/><T54/><D54/><U98/><E98/><V129/><F70/><W122/><G122/><T57/><D57/><U29/><E29/><V30/><F30/><W43/><G43/><T77/><AGARI ba="0,0" hai="73,77,83,88,89" m="38987,33031,42570" machi="77" ten="30,11700,0" yaku="10,1,52,1,54,2" doraHai="107" who="0" fromWho="0" sc="174,117,356,-39,262,-39,208,-39" /><INIT seed="4,1,0,4,2,9" ten="291,317,223,169" oya="0" hai0="130,31,67,58,6,12,10,27,25,123,93,21,1" hai1="11,103,69,14,30,33,77,17,110,20,26,131,35" hai2="22,111,108,112,66,62,0,13,121,7,59,75,118" hai3="81,3,70,113,72,57,73,132,8,55,101,16,124"/><T15/><D123/><U38/><E69/><V37/><F75/><W79/><G70/><T87/><D130/><U54/><E110/><V76/><F121/><W94/><G113/><T96/><D87/><U32/><E38/><V52/><F112/><W120/><G120/><T122/><D122/><U49/><E131/><V63/><F76/><W85/><G132/><T19/><D67/><U5/><E103/><V129/><F129/><W84/><G124/><T61/><D58/><U24/><REACH who="1" step="1"/><E77/><REACH who="1" ten="291,307,223,169" step="2"/><V127/><F37/><W106/><G101/><T133/><D133/><U4/><E4/><V115/><F115/><W68/><G68/><T51/><D61/><U117/><E117/><V39/><F118/><W50/><G106/><T82/><D51/><U40/><E40/><V41/><F111/><W60/><G60/><T44/><D44/><AGARI ba="1,1" hai="5,11,14,17,20,24,26,30,32,33,35,44,49,54" machi="44" ten="30,8000,1" yaku="1,1,7,1,52,1,53,2" doraHai="9" doraHaiUra="23" who="1" fromWho="0" sc="291,-83,307,93,223,0,169,0" /><INIT seed="5,0,0,0,2,6" ten="208,400,223,169" oya="1" hai0="29,52,59,100,75,18,57,70,117,86,95,17,99" hai1="42,44,66,110,112,135,30,64,101,11,116,113,36" hai2="2,5,80,120,88,20,23,54,27,93,34,8,56" hai3="13,82,62,61,98,134,97,38,69,111,119,3,123"/><U84/><E116/><V40/><F120/><W77/><G111/><T128/><D75/><U41/><E135/><V19/><F40/><W78/><G123/><T133/><D70/><U106/><E30/><V132/><F132/><W4/><G134/><T46/><D133/><U79/><E41/><V43/><F43/><W107/><G38/><T68/><D68/><U35/><E35/><V47/><F47/><W102/><G3/><T89/><D117/><U126/><E126/><V45/><F45/><W87/><G69/><T37/><D128/><U121/><E121/><V26/><F80/><W114/><G114/><T33/><D37/><U92/><E106/><V90/><F34/><W25/><G78/><T7/><D46/><U94/><E94/><V50/><F93/><W32/><G98/><T16/><D7/><U49/><E36/><V103/><F103/><W1/><G1/><T108/><D108/><U51/><E51/><V39/><F39/><W28/><REACH who="3" step="1"/><G119/><REACH who="3" ten="208,400,223,159" step="2"/><T67/><D99/><U104/><E79/><V115/><F115/><W127/><G127/><T130/><D130/><U122/><E110/><V76/><F76/><W48/><G48/><T14/><D100/><U22/><E101/><V131/><F131/><W21/><G21/><T58/><D89/><U65/><E122/><V129/><F129/><W24/><G24/><T72/><D33/><U12/><E112/><V73/><F73/><W53/><G53/><T71/><D71/><U91/><E91/><V60/><F50/><W74/><G74/><T83/><D72/><U109/><E113/><V81/><F81/><RYUUKYOKU ba="0,1" sc="208,-15,400,-15,223,15,159,15" hai2="2,5,8,19,20,23,26,27,54,56,60,88,90" hai3="4,13,25,28,32,61,62,77,82,87,97,102,107" /><INIT seed="6,1,1,2,0,1" ten="193,385,238,174" oya="2" hai0="66,100,45,76,85,101,22,21,67,16,55,74,39" hai1="29,129,19,111,61,65,23,60,43,48,9,88,47" hai2="50,103,17,135,115,51,78,11,106,79,28,38,64" hai3="0,32,25,107,119,30,104,71,73,3,123,113,121"/><V5/><F115/><W44/><G44/><T2/><D2/><N who="3" m="553" /><G119/><T63/><D74/><U127/><E111/><V70/><F38/><W35/><G25/><T12/><D39/><U49/><E9/><V59/><F17/><W108/><G30/><T94/><D22/><U131/><E29/><V132/><F28/><W24/><G24/><T40/><D40/><U15/><E127/><V125/><F125/><W112/><G71/><T6/><D63/><U54/><E88/><V87/><F70/><W58/><G58/><T93/><D93/><U116/><E116/><V37/><F59/><W27/><G27/><T98/><D101/><U26/><E15/><V82/><F37/><W77/><G77/><T122/><D122/><N who="3" m="46601" /><G73/><T4/><D85/><U52/><E43/><V8/><F78/><W62/><G62/><T128/><D76/><U34/><E60/><V20/><F20/><W91/><G91/><T68/><D68/><U80/><E61/><V18/><F18/><W57/><G57/><T31/><D31/><U41/><E41/><V97/><F64/><N who="0" m="24618" /><D128/><U117/><E65/><V126/><F126/><W75/><G75/><T10/><D21/><U124/><E117/><V134/><F11/><W7/><G108/><T53/><D45/><U72/><E124/><V89/><F79/><W110/><G110/><T92/><D92/><U109/><E109/><V133/><N who="2" m="33792" /><DORA hai="46" /><V105/><F105/><N who="3" m="40523" /><G7/><AGARI ba="1,1" hai="4,6,7,10,12,16,53,55,94,98,100" m="24618" machi="7" ten="30,8000,1" yaku="8,1,52,3,54,1" doraHai="1,46" who="0" fromWho="3" sc="193,93,385,0,238,0,174,-83" /><INIT seed="7,0,0,0,4,17" ten="286,385,238,91" oya="3" hai0="63,54,19,65,58,75,16,0,36,80,18,111,94" hai1="69,78,96,2,110,73,5,23,97,82,34,120,107" hai2="35,46,102,48,55,108,106,64,13,132,7,123,87" hai3="129,98,77,9,113,15,128,88,84,57,122,6,29"/><W33/><G122/><T135/><D36/><U38/><E110/><V90/><F108/><W71/><G71/><T127/><D0/><U130/><E34/><V26/><F123/><W44/><G77/><T14/><D111/><U79/><E69/><V121/><F121/><W100/><G113/><T25/><D75/><U40/><E120/><V118/><F132/><W28/><G57/><T43/><D43/><U81/><E23/><V61/><F118/><W131/><G33/><T22/><D135/><U52/><E52/><V41/><F106/><W103/><G44/><T105/><D105/><U95/><E95/><V56/><F102/><N who="3" m="38955" /><G98/><T72/><D72/><N who="1" m="43207" /><E130/><N who="3" m="33282" /><W86/><DORA hai="12" /><G86/><T74/><D74/><U68/><E107/><V119/><F119/><W83/><AGARI ba="0,0" hai="6,9,15,28,29,83,84,88" m="33282,38955" machi="83" ten="40,3900,0" yaku="19,1,54,1" doraHai="17,12" who="3" fromWho="3" sc="286,-13,385,-13,238,-13,91,39" /><INIT seed="7,1,0,2,2,15" ten="273,372,225,130" oya="3" hai0="52,112,100,109,23,89,76,131,21,37,130,105,85" hai1="95,92,87,29,108,115,27,35,4,132,114,64,42" hai2="106,56,28,32,73,46,9,57,127,117,97,71,128" hai3="126,116,53,86,39,1,33,0,55,26,69,107,129"/><W77/><G116/><T8/><D37/><U38/><E108/><V63/><F117/><W67/><G39/><T60/><D109/><U123/><E123/><V20/><F73/><W54/><G107/><T88/><D76/><U22/><E4/><V16/><F128/><N who="0" m="49194" /><D8/><U119/><E132/><V82/><F127/><W94/><G129/><T40/><D40/><U111/><E111/><V13/><F82/><W78/><G126/><T98/><D112/><N who="1" m="43051" /><E64/><N who="2" m="41375" /><F46/><W90/><G69/><T45/><D89/><N who="1" m="53311" /><E95/><V135/><F9/><W36/><G36/><T14/><D14/><U59/><E59/><V43/><F43/><W31/><REACH who="3" step="1"/><G67/><REACH who="3" ten="273,372,225,120" step="2"/><T124/><D124/><U12/><E119/><V113/><F113/><W75/><G75/><T3/><D105/><U7/><E38/><V17/><F135/><W74/><G74/><T101/><D101/><U68/><E68/><V96/><F106/><W44/><G44/><T122/><D45/><U134/><E134/><V125/><F125/><W19/><G19/><T99/><D100/><U66/><E66/><V62/><F17/><W30/><G30/><T61/><D122/><U84/><E7/><V49/><F28/><W104/><G104/><T58/><D58/><U80/><E29/><V83/><F57/><W110/><G110/><T91/><D61/><U50/><E50/><V70/><F49/><W11/><G11/><T34/><D60/><U65/><E65/><V18/><F70/><W6/><G6/><T47/><D47/><U10/><E10/><V48/><F48/><W118/><G118/><T5/><D5/><U120/><E120/><RYUUKYOKU ba="1,1" sc="273,-10,372,-10,225,-10,120,30" hai3="0,1,26,31,33,53,54,55,77,78,86,90,94" /><INIT seed="7,2,1,2,0,33" ten="263,362,215,150" oya="3" hai0="7,22,29,8,6,135,130,120,73,9,42,66,11" hai1="50,95,15,91,85,10,37,128,69,113,24,28,58" hai2="83,19,34,39,80,25,103,75,1,114,107,26,56" hai3="125,78,93,52,77,60,2,87,74,59,61,132,57"/><W116/><G116/><T86/><D73/><U129/><E113/><V43/><F114/><W40/><G74/><T109/><D109/><U99/><E37/><V53/><F1/><W55/><G132/><T88/><D120/><U13/><E69/><V64/><F75/><W82/><G125/><T27/><D135/><U5/><E13/><V45/><F64/><W115/><G115/><T65/><D130/><N who="1" m="50283" /><E50/><V123/><F123/><W127/><G127/><T48/><D42/><U67/><E58/><V49/><F26/><W0/><G78/><T23/><D23/><N who="1" m="15391" /><E67/><N who="0" m="25609" /><D48/><U126/><E126/><V97/><F34/><W100/><REACH who="3" step="1"/><G40/><REACH who="3" ten="263,362,215,140" step="2"/><T98/><D98/><AGARI ba="2,2" hai="5,10,15,85,91,95,98,99" m="15391,50283" machi="98" ten="30,1000,0" yaku="19,1" doraHai="33" who="1" fromWho="0" sc="263,-16,362,36,215,0,140,0" /><AGARI ba="2,0" hai="0,2,52,55,57,59,60,61,77,82,87,93,98,100" machi="98" ten="40,18000,2" yaku="1,1,2,1,9,1,52,2,54,1,53,0" doraHai="33" doraHaiUra="31" who="3" fromWho="0" sc="247,-180,398,0,215,0,140,180" /><INIT seed="7,3,0,2,1,115" ten="67,398,215,320" oya="3" hai0="38,51,37,73,17,94,27,61,36,29,120,32,103" hai1="16,104,11,105,21,93,3,135,9,58,76,107,132" hai2="101,102,4,53,54,75,41,6,40,12,43,116,112" hai3="90,57,123,39,91,55,31,8,106,74,20,65,34"/><W81/><G123/><T82/><D120/><U84/><E58/><V22/><F75/><W124/><G106/><T23/><D51/><U7/><E9/><V15/><F112/><W64/><G39/><T92/><D73/><U86/><E93/><V110/><F110/><W19/><G124/><T26/><D82/><U119/><E119/><V79/><F79/><W113/><G113/><T114/><D114/><U78/><E78/><V118/><F40/><W131/><G131/><T97/><D92/><U42/><E42/><V50/><F50/><W121/><G34/><T134/><D134/><N who="1" m="51243" /><E76/><V108/><F108/><W126/><G126/><T2/><D2/><U35/><E35/><V109/><F109/><W59/><G8/><T72/><D72/><U96/><E96/><V62/><F22/><W0/><G0/><T52/><D61/><U122/><E122/><V28/><F28/><W24/><G31/><T98/><D98/><U60/><E60/><AGARI ba="3,0" hai="4,6,12,15,41,43,53,54,60,62,101,102,116,118" machi="60" ten="25,6400,0" yaku="22,2,52,2" doraHai="115" who="2" fromWho="1" sc="67,0,398,-73,215,73,320,0" owari="67,-43.0,325,42.0,288,-11.0,320,12.0" /></mjloggm>