<mjloggm ver="2.3"><GO type="169" lobby="0"/><UN n0="%73%68%75%6E%2E%2E%31" n1="%46%4C%41%4D%45" n2="%E5%83%8D%E3%81%8D%E6%96%B9%E6%94%B9%E5%96%84" n3="%6B%6F%6D%69" dan="17,17,17,16" rate="2152.93,2196.32,2176.46,2081.43" sx="M,M,M,M"/><TAIKYOKU oya="0"/><INIT seed="0,0,0,2,1,106" ten="250,250,250,250" oya="0" hai0="22,96,112,18,9,60,132,88,52,23,95,7,47" hai1="94,54,82,13,89,90,4,5,56,116,1,30,16" hai2="128,119,111,64,28,131,123,78,86,21,57,44,113" hai3="41,130,68,103,110,42,25,2,127,124,45,92,102"/><T58/><D132/><U83/><E116/><V26/><F123/><W74/><G110/><T85/><D112/><U129/><E129/><V24/><F113/><W117/><G130/><T14/><D47/><U50/><E30/><V133/><F111/><W77/><G117/><T67/><D96/><U40/><E40/><V46/><F119/><W3/><G68/><T20/><REACH who="0" step="1"/><D67/><REACH who="0" ten="240,250,250,250" step="2"/><U134/><E134/><V84/><F64/><W69/><G45/><T55/><D55/><U10/><E1/><AGARI ba="0,1" hai="1,7,9,14,18,20,22,23,52,58,60,85,88,95" machi="1" ten="30,11600,0" yaku="1,1,7,1,54,2,53,0" doraHai="106" doraHaiUra="125" who="0" fromWho="1" sc="240,126,250,-116,250,0,250,0" /><INIT seed="0,1,0,5,4,98" ten="366,134,250,250" oya="0" hai0="81,4,23,133,31,129,56,74,19,69,11,28,24" hai1="46,90,100,39,43,84,9,127,33,20,117,50,7" hai2="116,53,41,91,102,54,38,2,47,55,14,64,108" hai3="32,114,118,36,135,79,70,126,5,42,85,12,17"/><T67/><D69/><U75/><E117/><V112/><F112/><W134/><G114/><T72/><D129/><U58/><E127/><V111/><F2/><W96/><G118/><T60/><D133/><N who="3" m="50697" /><G70/><T113/><D113/><U104/><E33/><V128/><F116/><W82/><G32/><T30/><REACH who="0" step="1"/><D81/><REACH who="0" ten="356,134,250,250" step="2"/><U109/><E109/><V103/><F128/><W92/><G126/><T119/><D119/><U73/><E73/><V34/><F111/><W110/><G110/><T93/><D93/><U51/><E75/><V49/><F108/><W44/><G92/><T63/><D63/><U97/><E20/><V45/><F34/><W101/><G82/><T48/><D48/><U131/><E131/><V35/><F35/><W61/><G61/><T107/><D107/><U88/><E58/><V1/><F49/><W27/><G36/><T86/><D86/><U62/><E62/><V99/><F38/><W65/><G85/><T83/><D83/><U18/><E39/><V16/><F47/><W80/><G80/><T106/><D106/><U94/><E51/><V125/><F45/><W26/><G44/><T105/><D105/><U132/><E132/><V13/><F125/><W66/><G79/><T0/><AGARI ba="1,1" hai="0,4,11,19,23,24,28,30,31,56,60,67,72,74" machi="0" ten="30,3000,0" yaku="1,1,0,1,53,0" doraHai="98" doraHaiUra="68" who="0" fromWho="0" sc="356,43,134,-11,250,-11,250,-11" /><INIT seed="0,2,0,5,5,38" ten="399,123,239,239" oya="0" hai0="115,98,25,90,74,97,34,35,89,54,126,119,93" hai1="131,117,96,104,82,72,124,101,125,135,110,21,86" hai2="107,30,23,92,68,12,2,106,95,63,29,32,57" hai3="88,122,64,108,58,113,83,6,120,133,103,65,3"/><T91/><D74/><U78/><E21/><V61/><F2/><W49/><G113/><T44/><D115/><U59/><E59/><V48/><F32/><W19/><G108/><T100/><D119/><U20/><E20/><V76/><F76/><W127/><G103/><T27/><D126/><N who="1" m="48747" /><E117/><V28/><F68/><W53/><G127/><T14/><D14/><U31/><E31/><V71/><F71/><W16/><G133/><T55/><D98/><U26/><E26/><V0/><F0/><W102/><G102/><T17/><D17/><N who="3" m="6729" /><G6/><T36/><D27/><U62/><E62/><V33/><F106/><W129/><G129/><T87/><D87/><U94/><E110/><V66/><F107/><W69/><G69/><T9/><D9/><U46/><E46/><V43/><F61/><W75/><G3/><T73/><D73/><U51/><E51/><V13/><F33/><W40/><G75/><T123/><D34/><U39/><E39/><V128/><F128/><W18/><G18/><T8/><D8/><U52/><E52/><V24/><F29/><W37/><G53/><T5/><D5/><U85/><E131/><V79/><F79/><W60/><G37/><T41/><REACH who="0" step="1"/><D123/><REACH who="0" ten="389,123,239,239" step="2"/><U15/><E15/><N who="2" m="5707" /><F30/><AGARI ba="2,1" hai="25,30,35,36,41,44,54,55,89,90,91,93,97,100" machi="30" ten="40,3900,0" yaku="1,1,52,1,53,0" doraHai="38" doraHaiUra="47" who="0" fromWho="2" sc="389,55,123,0,239,-45,239,0" /><INIT seed="0,3,0,3,3,42" ten="444,123,194,239" oya="0" hai0="9,62,127,106,50,80,78,69,101,4,118,27,82" hai1="115,63,12,51,16,98,73,36,86,61,38,129,7" hai2="66,97,35,21,83,56,114,122,3,120,135,110,84" hai3="123,10,0,79,41,57,15,17,108,90,107,75,20"/><T99/><D118/><U77/><E73/><V93/><F114/><W109/><G123/><T72/><D127/><U85/><E7/><V54/><F35/><W92/><G107/><T40/><D82/><U34/><E34/><V91/><F3/><W81/><G57/><T88/><D27/><U67/><E115/><V104/><F110/><N who="3" m="42603" /><G41/><T6/><D69/><U48/><E129/><V32/><F32/><W47/><G47/><T89/><D62/><U33/><E33/><V25/><F104/><W22/><G0/><T45/><REACH who="0" step="1"/><D6/><REACH who="0" ten="434,123,194,239" step="2"/><U30/><E63/><V70/><F70/><W117/><G117/><T96/><D96/><AGARI ba="3,1" hai="10,15,17,20,22,75,79,81,90,92,96" m="42603" machi="96" ten="30,1000,0" yaku="14,1" doraHai="42" who="3" fromWho="0" sc="434,-19,123,0,194,0,239,29" /><INIT seed="1,0,0,2,1,61" ten="415,123,194,268" oya="1" hai0="133,22,127,17,52,132,59,66,105,21,41,69,72" hai1="29,40,108,85,48,8,16,73,84,89,15,11,122" hai2="99,33,74,24,95,67,94,135,111,88,25,91,113" hai3="124,79,44,1,71,125,2,3,65,35,93,101,0"/><U114/><E114/><V81/><F111/><W55/><G35/><T20/><D105/><U77/><E122/><V32/><F113/><W87/><G3/><T100/><D100/><U36/><E36/><V64/><F135/><N who="0" m="51786" /><D72/><U68/><E68/><V39/><F39/><W34/><G34/><T117/><D41/><U82/><E108/><V70/><F81/><N who="3" m="47551" /><G55/><T47/><D47/><N who="1" m="25703" /><E73/><V104/><F74/><W63/><G44/><T31/><D31/><U19/><E29/><V26/><F104/><W83/><G83/><T80/><D80/><N who="1" m="49319" /><E8/><V38/><F38/><W106/><G93/><T62/><D117/><U112/><E112/><V121/><F70/><W45/><G106/><T126/><D17/><AGARI ba="0,0" hai="11,15,16,17,19,77,82,84" m="49319,25703" machi="17" ten="30,2900,0" yaku="8,1,54,1" doraHai="61" who="1" fromWho="0" sc="415,-29,123,29,194,0,268,0" /><INIT seed="1,1,0,3,0,43" ten="386,152,194,268" oya="1" hai0="69,73,127,63,70,66,95,62,23,68,96,42,2" hai1="117,80,102,82,39,21,88,105,131,67,98,86,55" hai2="52,112,40,46,83,101,36,31,57,51,129,115,99" hai3="7,29,1,104,133,74,132,19,61,124,85,78,72"/><U109/><E117/><V38/><F129/><W114/><G114/><N who="2" m="43561" /><F31/><W8/><G104/><T53/><D73/><U30/><E131/><V41/><F83/><N who="3" m="47351" /><G29/><T87/><D2/><U100/><E100/><V20/><F20/><W11/><G124/><T64/><D127/><U26/><E39/><N who="2" m="21791" /><F41/><W37/><G37/><T10/><D10/><U89/><E67/><V4/><F4/><W125/><G61/><T110/><D42/><U12/><E109/><V90/><F90/><W91/><G91/><T134/><D87/><U94/><E89/><V24/><F24/><W65/><G65/><T107/><D110/><U92/><E105/><AGARI ba="1,0" hai="36,38,51,52,57,99,101,105" m="21791,43561" machi="105" ten="30,3900,0" yaku="11,1,52,1,54,1" doraHai="43" who="2" fromWho="1" sc="386,0,152,-42,194,42,268,0" /><INIT seed="2,0,0,4,0,19" ten="386,110,236,268" oya="2" hai0="8,120,29,97,128,112,11,35,5,49,28,102,18" hai1="119,32,12,22,87,85,24,55,61,17,83,123,72" hai2="30,42,51,106,127,117,50,77,60,40,33,63,36" hai3="4,91,34,78,108,69,122,27,124,52,57,88,2"/><V107/><F117/><W37/><G122/><T126/><D120/><U20/><E123/><V66/><F127/><W16/><G124/><T79/><D112/><U48/><E119/><V103/><F77/><W14/><G69/><T95/><D128/><U94/><E32/><V118/><F118/><W81/><G37/><T116/><D116/><U68/><E72/><V129/><F129/><W130/><G108/><T64/><D35/><U47/><E94/><V65/><F33/><W114/><G114/><T25/><D64/><U92/><E92/><V38/><F30/><W70/><G70/><T131/><D131/><U58/><E83/><V46/><F103/><W13/><G2/><T75/><D126/><U100/><E100/><V115/><F115/><W53/><G4/><T10/><D5/><U89/><E89/><N who="3" m="34378" /><G34/><T3/><D79/><U96/><E96/><V74/><REACH who="2" step="1"/><F46/><REACH who="2" ten="386,110,226,268" step="2"/><W104/><G130/><T62/><D102/><U125/><E125/><V133/><F133/><W90/><G78/><T110/><D75/><AGARI ba="0,1" hai="36,38,40,42,50,51,60,63,65,66,74,75,106,107" machi="75" ten="25,12000,1" yaku="1,1,22,2,53,2" doraHai="19" doraHaiUra="44" who="2" fromWho="0" sc="386,-120,110,0,226,130,268,0" /><INIT seed="2,1,0,5,1,26" ten="266,110,356,268" oya="2" hai0="117,2,95,34,39,132,30,103,77,111,31,135,43" hai1="128,118,29,78,129,79,53,109,21,85,82,75,51" hai2="35,20,22,87,38,120,9,14,40,61,73,104,4" hai3="116,37,41,84,10,42,32,89,6,115,83,27,97"/><V12/><F73/><W16/><G116/><T50/><D2/><U127/><E118/><V126/><F104/><W113/><G97/><N who="0" m="59839" /><D34/><U114/><E114/><N who="3" m="43530" /><G37/><T65/><D39/><U108/><E75/><V124/><F35/><W58/><G58/><T86/><D117/><U47/><E79/><V44/><F120/><W100/><G100/><T98/><D98/><U15/><E127/><N who="2" m="48683" /><F61/><W110/><G110/><N who="1" m="42602" /><E15/><N who="2" m="5543" /><F87/><W94/><G94/><T3/><D65/><U112/><E112/><V74/><F74/><W57/><G32/><T36/><D36/><U81/><E81/><V130/><F130/><N who="1" m="50281" /><E21/><AGARI ba="1,0" hai="12,14,20,21,22,38,40,44" m="5543,48683" machi="21" ten="30,1500,0" yaku="18,1" doraHai="26" who="2" fromWho="1" sc="266,0,110,-18,356,18,268,0" /><INIT seed="2,2,0,0,4,130" ten="266,92,374,268" oya="2" hai0="45,12,21,91,113,50,14,33,131,97,111,29,34" hai1="40,58,62,85,128,44,51,110,27,115,52,94,77" hai2="108,25,122,55,104,90,30,76,86,83,73,5,65" hai3="47,88,46,99,114,32,48,125,69,38,89,71,16"/><V117/><F117/><W72/><G72/><T67/><D113/><U98/><E110/><V127/><F122/><W68/><G114/><T129/><D111/><U92/><E128/><N who="0" m="49225" /><D67/><U121/><E121/><V11/><F108/><W2/><G125/><T42/><D97/><U22/><E115/><V66/><F127/><W13/><G2/><T124/><D124/><U36/><E36/><V9/><F55/><W26/><G38/><T10/><D91/><U64/><E77/><V8/><F104/><W3/><G3/><T15/><D10/><U82/><E82/><V61/><F5/><W134/><G99/><T119/><D119/><U132/><E132/><V116/><F116/><W109/><G134/><T17/><D29/><U120/><E120/><V70/><F65/><W31/><G109/><T59/><D59/><U118/><E118/><V0/><F0/><W80/><G80/><T112/><D112/><U63/><E85/><V23/><REACH who="2" step="1"/><F73/><REACH who="2" ten="266,92,364,268" step="2"/><W49/><G46/><T56/><D56/><U19/><REACH who="1" step="1"/><E98/><REACH who="1" ten="266,82,364,268" step="2"/><V35/><F35/><AGARI ba="2,2" hai="12,14,15,17,21,33,34,35,42,45,50" m="49225" machi="35" ten="30,1000,0" yaku="19,1" doraHai="130" who="0" fromWho="2" sc="266,36,82,0,364,-16,268,0" /><INIT seed="3,0,0,4,4,58" ten="302,82,348,268" oya="3" hai0="3,50,103,126,43,75,16,13,127,120,38,48,100" hai1="87,130,11,49,6,20,125,86,29,40,113,27,88" hai2="0,84,83,21,81,60,66,61,46,35,69,57,45" hai3="33,56,42,121,112,72,90,97,12,24,134,104,131"/><W85/><G112/><T93/><D3/><U115/><E125/><N who="0" m="47625" /><D75/><U67/><E130/><V92/><F35/><W65/><G121/><T129/><D120/><U95/><E86/><V39/><F0/><W30/><G131/><T10/><D129/><U76/><E76/><V17/><F92/><W51/><G72/><T99/><D103/><U122/><E122/><V9/><F9/><W26/><G134/><T44/><AGARI ba="0,0" hai="10,13,16,38,43,44,48,50,93,99,100" m="47625" machi="44" ten="30,2000,0" yaku="18,1,54,1" doraHai="58" who="0" fromWho="0" sc="302,20,82,-5,348,-5,268,-10" /><INIT seed="4,0,0,1,4,63" ten="322,77,343,258" oya="0" hai0="119,65,82,129,92,53,0,8,123,104,97,23,46" hai1="87,103,21,19,99,73,38,111,127,4,64,102,35" hai2="117,69,75,32,122,62,77,28,106,126,79,125,31" hai3="95,98,133,134,131,71,120,90,51,25,130,94,11"/><T60/><D119/><U44/><E111/><V116/><F122/><W34/><G120/><T100/><D123/><U2/><E127/><N who="2" m="48651" /><F106/><W6/><G71/><T16/><D129/><N who="3" m="49161" /><G51/><T57/><D82/><U42/><E35/><V67/><F32/><W30/><G94/><T48/><D0/><AGARI ba="0,0" hai="0,6,11,25,30,34,90,95,98,133,134" m="49161" machi="0" ten="30,1000,0" yaku="19,1" doraHai="63" who="3" fromWho="0" sc="322,-10,77,0,343,0,258,10" /><INIT seed="5,0,0,3,1,34" ten="312,77,343,268" oya="1" hai0="94,71,40,81,7,122,2,1,65,111,90,100,63" hai1="23,30,43,56,48,41,97,10,88,21,44,64,19" hai2="123,22,115,91,59,95,134,74,53,18,120,99,68" hai3="37,12,9,67,5,121,36,117,6,42,62,54,82"/><U93/><E10/><V107/><F68/><W125/><G121/><T73/><D111/><U66/><E43/><V114/><F74/><W69/><G125/><T15/><D100/><U102/><E56/><V133/><F107/><W16/><G117/><T128/><D40/><U17/><E30/><V38/><F38/><W79/><G54/><T29/><D29/><U129/><E129/><V60/><F120/><W131/><G131/><T61/><D128/><U58/><E58/><V26/><F123/><W57/><G69/><T98/><D63/><U76/><E76/><V0/><F0/><W78/><G78/><T87/><D122/><U104/><E23/><V92/><F92/><W47/><REACH who="3" step="1"/><G36/><REACH who="3" ten="312,77,343,258" step="2"/><T86/><D73/><AGARI ba="0,1" hai="5,6,9,12,16,37,42,47,57,62,67,73,79,82" machi="73" ten="30,7700,0" yaku="1,1,2,1,7,1,54,1,53,0" doraHai="34" doraHaiUra="28" who="3" fromWho="0" sc="312,-77,77,0,343,0,258,87" /><INIT seed="6,0,0,1,5,87" ten="235,77,343,345" oya="2" hai0="27,74,89,124,45,88,65,120,130,50,22,49,12" hai1="119,24,36,8,62,2,53,69,28,32,90,19,108" hai2="43,112,96,17,63,47,15,48,113,66,14,100,127" hai3="20,30,67,37,71,76,132,11,59,58,44,33,103"/><V133/><F133/><W85/><G132/><T61/><D74/><U95/><E108/><V23/><F127/><W9/><G33/><T116/><D120/><U134/><E134/><V18/><F63/><W129/><G129/><T86/><D130/><U97/><E119/><V118/><F66/><W106/><G71/><T16/><D124/><U135/><E135/><V46/><F118/><W123/><G123/><T101/><D101/><U41/><E36/><V82/><F82/><W52/><G106/><T109/><D109/><U38/><E38/><V125/><F125/><W81/><G103/><T115/><D115/><U105/><E41/><V6/><F6/><W60/><G37/><T111/><D111/><U68/><E105/><V7/><F7/><W98/><G98/><T126/><D86/><U91/><E2/><V117/><F47/><W29/><G44/><T13/><D49/><U40/><E40/><V51/><F48/><N who="3" m="30983" /><G20/><T99/><D99/><U35/><E35/><V93/><REACH who="2" step="1"/><F117/><REACH who="2" ten="235,77,333,345" step="2"/><W21/><G30/><T0/><D126/><U31/><E31/><V122/><F122/><W72/><G72/><T42/><D116/><U3/><E3/><V1/><F1/><W5/><G5/><T128/><D0/><U56/><REACH who="1" step="1"/><E90/><REACH who="1" ten="235,67,333,345" step="2"/><V92/><F92/><W79/><G76/><T54/><D128/><U77/><E77/><V34/><F34/><W57/><G29/><T4/><D89/><U102/><E102/><V114/><F114/><W55/><G79/><T78/><D88/><U107/><E107/><V64/><F64/><W10/><G67/><T121/><D65/><RYUUKYOKU ba="0,2" sc="235,-15,67,15,333,15,345,-15" hai1="8,19,24,28,32,53,56,62,68,69,91,95,97" hai2="14,15,17,18,23,43,46,51,93,96,100,112,113" /><INIT seed="6,1,2,1,0,68" ten="220,82,348,330" oya="2" hai0="26,77,74,71,89,25,133,90,78,35,92,73,53" hai1="41,21,11,79,106,84,3,24,124,85,17,66,7" hai2="98,99,70,58,59,42,103,18,56,105,132,13,97" hai3="83,54,22,122,38,100,37,96,88,129,57,5,135"/><V64/><F132/><W120/><G135/><T1/><D133/><U94/><E106/><V67/><F42/><W4/><G129/><T48/><D1/><U50/><E124/><V52/><F70/><W55/><G22/><T91/><D71/><U134/><E134/><V31/><F31/><W19/><G19/><T125/><D125/><U123/><E123/><V15/><F15/><W112/><G112/><T110/><D92/><U130/><E130/><V109/><F109/><W81/><G57/><N who="2" m="22121" /><F103/><W62/><G62/><T46/><D110/><U65/><E85/><V75/><F75/><W47/><G47/><T93/><D93/><U34/><E94/><V0/><F0/><W127/><G88/><T87/><D87/><U118/><E118/><V9/><F105/><W6/><G6/><T45/><D35/><U28/><E41/><V20/><F20/><W114/><G114/><T12/><D12/><U128/><E128/><V115/><F115/><W32/><G32/><T30/><D30/><U40/><E40/><V23/><F23/><W44/><G44/><T36/><D46/><U111/><E111/><V61/><AGARI ba="1,2" hai="9,13,18,52,59,61,64,67,97,98,99" m="22121" machi="61" ten="30,3000,0" yaku="8,1,54,1" doraHai="68" who="2" fromWho="2" sc="220,-11,82,-11,348,53,330,-11" /><INIT seed="6,2,0,3,4,69" ten="209,71,401,319" oya="2" hai0="14,131,93,125,118,84,122,102,120,81,71,1,127" hai1="116,123,83,97,86,54,36,130,50,47,0,22,52" hai2="119,6,133,19,61,23,41,113,25,15,76,42,12" hai3="18,30,31,11,34,132,94,99,100,111,79,80,95"/><V60/><F119/><W3/><G111/><T37/><D71/><U74/><E116/><V129/><F113/><W45/><G132/><T109/><D1/><U46/><E0/><V77/><F129/><W67/><G67/><T98/><D118/><U110/><E110/><V115/><F115/><W35/><G95/><T114/><D14/><N who="2" m="5162" /><F6/><W89/><G18/><T55/><D55/><U121/><E74/><V64/><F133/><W10/><G100/><T48/><D48/><N who="1" m="28695" /><E22/><V101/><F101/><W29/><G45/><T28/><D28/><U63/><E86/><V78/><F64/><W96/><G96/><T44/><D109/><U17/><E97/><V7/><F7/><W59/><G3/><T70/><D70/><U112/><E83/><V107/><F107/><W87/><REACH who="3" step="1"/><G59/><REACH who="3" ten="209,71,401,309" step="2"/><T57/><D57/><N who="1" m="35255" /><E17/><V56/><F56/><W40/><G40/><AGARI ba="2,1" hai="19,23,25,40,41,42,60,61,76,77,78" m="5162" machi="40" ten="30,1500,0" yaku="8,1" doraHai="69" who="2" fromWho="3" sc="209,0,71,0,401,31,309,-21" /><INIT seed="6,3,0,2,2,131" ten="209,71,432,288" oya="2" hai0="57,104,52,8,135,101,18,66,16,88,43,129,115" hai1="108,116,132,3,26,107,112,97,106,123,126,28,95" hai2="29,127,105,37,22,83,82,78,93,15,55,58,35" hai3="133,60,48,14,59,62,118,27,72,9,23,77,70"/><V34/><F105/><N who="1" m="39945" /><E26/><V33/><F127/><W73/><G118/><T42/><D66/><U99/><E28/><V81/><F37/><W50/><G70/><T69/><D69/><U103/><E3/><V46/><F46/><W51/><G133/><T92/><D135/><U111/><E116/><V56/><F93/><W125/><G125/><T36/><D129/><U45/><E45/><V121/><F121/><W32/><G32/><T17/><D36/><U91/><E126/><V98/><F98/><N who="1" m="37385" /><E132/><V63/><F58/><W10/><G77/><T87/><D104/><U11/><E11/><V110/><F110/><N who="1" m="42025" /><E95/><V76/><F29/><W5/><G10/><T75/><D8/><U84/><E84/><V100/><F22/><W24/><G60/><T4/><D4/><U38/><E38/><V74/><F15/><W114/><G24/><T90/><D42/><U85/><E85/><V67/><F35/><W64/><REACH who="3" step="1"/><G114/><REACH who="3" ten="209,71,432,278" step="2"/><T102/><D115/><U1/><E112/><V71/><F34/><W21/><G21/><T130/><D130/><U65/><E1/><V68/><F33/><W2/><G2/><T53/><D17/><AGARI ba="3,1" hai="5,9,14,17,23,27,48,50,51,59,62,64,72,73" machi="17" ten="40,2600,0" yaku="1,1,53,1" doraHai="131" doraHaiUra="61" who="3" fromWho="0" sc="209,-35,71,0,432,0,278,45" /><INIT seed="7,0,0,4,0,98" ten="174,71,432,323" oya="3" hai0="71,21,4,70,80,54,110,72,12,127,119,95,134" hai1="106,52,92,104,74,128,2,101,86,19,46,135,32" hai2="67,59,68,11,84,87,73,133,109,15,20,44,83" hai3="107,100,30,55,13,29,76,49,63,89,117,115,62"/><W57/><G117/><T82/><D119/><U47/><E32/><V97/><F109/><W96/><G115/><T64/><D110/><U36/><E36/><V14/><F68/><W58/><G76/><T108/><D108/><U85/><E2/><V38/><F73/><W24/><G89/><T93/><D64/><U120/><E19/><N who="2" m="10367" /><F38/><W112/><G112/><T25/><D12/><U123/><E74/><V3/><F3/><W132/><G132/><T78/><D4/><U39/><E39/><V50/><F133/><W116/><G116/><T99/><D93/><U34/><E34/><V5/><F97/><W91/><G13/><T35/><D80/><U113/><E135/><V118/><F118/><W41/><G24/><T27/><D35/><U56/><E113/><V69/><F69/><W125/><G125/><T79/><D79/><U33/><E33/><V61/><F83/><W42/><G91/><T88/><D25/><U9/><E9/><V60/><F60/><W81/><G81/><T18/><D127/><U75/><E75/><V22/><F22/><W51/><G51/><T16/><D18/><U77/><E77/><V121/><F121/><W6/><G6/><T17/><D17/><U65/><E123/><V103/><F103/><W31/><REACH who="3" step="1"/><G49/><REACH who="3" ten="174,71,432,313" step="2"/><T102/><D134/><U48/><E120/><V90/><F90/><W126/><G126/><T105/><REACH who="0" step="1"/><D54/><AGARI ba="0,1" hai="5,11,14,44,50,54,59,61,67,84,87" m="10367" machi="54" ten="30,1000,0" yaku="8,1" doraHai="98" who="2" fromWho="0" sc="174,-10,71,0,432,20,313,0" /><AGARI ba="0,0" hai="29,30,31,41,42,54,55,57,58,62,63,96,100,107" machi="54" ten="40,7700,0" yaku="1,1,9,1,52,1,53,0" doraHai="98" doraHaiUra="124" who="3" fromWho="0" sc="164,-77,71,0,452,0,313,77" /><INIT seed="7,1,0,3,0,60" ten="87,71,452,390" oya="3" hai0="84,122,134,126,53,98,13,107,135,15,50,113,68" hai1="8,40,110,64,102,133,51,36,127,19,100,5,4" hai2="97,94,24,47,105,93,43,45,73,130,88,119,32" hai3="29,39,28,6,20,87,85,46,10,30,56,16,125"/><W34/><G125/><T101/><D122/><U31/><E110/><V55/><F119/><W74/><G74/><T21/><D68/><U14/><E36/><V25/><F73/><W132/><G132/><N who="0" m="50731" /><D113/><U121/><E121/><V83/><F105/><W26/><G34/><T111/><D111/><U72/><E72/><V62/><F130/><W76/><G76/><T27/><D84/><U69/><E133/><V63/><F83/><W38/><G56/><N who="0" m="32823" /><D126/><U82/><E127/><V131/><F131/><W2/><REACH who="3" step="1"/><G39/><REACH who="3" ten="87,71,452,380" step="2"/><T114/><D114/><U44/><E31/><AGARI ba="1,1" hai="13,15,21,27,31,98,101,107" m="32823,50731" machi="31" ten="30,1000,0" yaku="20,1" doraHai="60" who="0" fromWho="1" sc="87,23,71,-13,452,0,380,0" owari="110,-29.0,58,-44.0,452,55.0,380,18.0" /></mjloggm>