<mjloggm ver="2.3"><GO type="169" lobby="0"/><UN n0="%E3%83%95%E3%82%AF%E3%83%80%E3%83%B3%E3%83%81%E3%83%A7" n1="%73%61%6B%69%2D%E6%9E%97" n2="%E3%82%A2%E3%82%AF%E3%82%A2%E3%83%93%E3%83%BC%E3%83%8A%E3%82%B9" n3="%E6%84%9A%E5%BD%A2%E3%81%AE%E6%84%9A%E5%85%84" dan="17,16,17,17" rate="2166.75,2097.73,2194.69,2141.33" sx="M,M,M,M"/><TAIKYOKU oya="0"/><INIT seed="0,0,0,3,4,125" ten="250,250,250,250" oya="0" hai0="74,48,89,84,129,80,33,51,120,44,77,43,116" hai1="93,91,78,68,126,124,130,12,36,34,123,70,64" hai2="103,131,72,107,99,85,53,87,27,32,54,108,128" hai3="11,110,1,21,112,66,3,17,9,88,22,105,113"/><T117/><D120/><U13/><E34/><V133/><F72/><W41/><G105/><T86/><D33/><U65/><E123/><V24/><F133/><W96/><G41/><T39/><D129/><N who="2" m="49738" /><F108/><W30/><G66/><N who="1" m="25706" /><E78/><V42/><F42/><W26/><G96/><T6/><D86/><N who="2" m="32778" /><F27/><W62/><G110/><T67/><D67/><U102/><E36/><V75/><F75/><W94/><G26/><T127/><D127/><N who="1" m="48683" /><E102/><V50/><F50/><W23/><G113/><T18/><D6/><U134/><E134/><V0/><F0/><W59/><G3/><T7/><D7/><U60/><E60/><V132/><F132/><W119/><G1/><T97/><D51/><U92/><E130/><V83/><F83/><W121/><G112/><T118/><D48/><U90/><E92/><V16/><F16/><W101/><G17/><T76/><D74/><U45/><E45/><V10/><F10/><W47/><G47/><T8/><D97/><U20/><E93/><V56/><F56/><W35/><G9/><T63/><D63/><U95/><E95/><V98/><F98/><W55/><G11/><T114/><D114/><U49/><E49/><V2/><F2/><W28/><G59/><T73/><D73/><U58/><E58/><V104/><F104/><W14/><G121/><T25/><D8/><U135/><E135/><V122/><F122/><W29/><G62/><T100/><D100/><U69/><E12/><V37/><F37/><W5/><G14/><T71/><D71/><U40/><E40/><V52/><F32/><W31/><N who="3" m="7168" /><DORA hai="46" /><W106/><G35/><RYUUKYOKU ba="0,0" sc="250,10,250,10,250,10,250,-30" hai0="18,25,39,43,44,76,77,80,84,89,116,117,118" hai1="13,20,68,69,70,90,91" hai2="24,52,53,54,99,103,107" /><INIT seed="0,1,0,0,0,7" ten="260,260,260,220" oya="0" hai0="89,94,50,124,68,120,135,45,30,102,84,98,127" hai1="28,132,90,74,33,87,130,59,62,106,82,6,24" hai2="97,18,105,8,39,11,56,109,96,5,118,80,55" hai3="4,1,117,65,38,115,2,12,86,13,15,72,99"/><T32/><D120/><U108/><E108/><V73/><F39/><W57/><G72/><T75/><D68/><U114/><E130/><V40/><F109/><W107/><G38/><T126/><D75/><U61/><E106/><V27/><F118/><W9/><G117/><T46/><D135/><U92/><E132/><V49/><F105/><W60/><G115/><T76/><D76/><U103/><E114/><V22/><F40/><W25/><G25/><N who="0" m="18511" /><D50/><U129/><E129/><V131/><F131/><W44/><G44/><T100/><D100/><U66/><E62/><V17/><F17/><W104/><G1/><T69/><D69/><U123/><E123/><V14/><REACH who="2" step="1"/><F8/><REACH who="2" ten="260,260,250,220" step="2"/><W70/><G104/><AGARI ba="1,1" hai="45,46,84,89,94,98,102,104,124,126,127" m="18511" machi="104" ten="30,1500,0" yaku="18,1" doraHai="7" who="0" fromWho="3" sc="260,28,260,0,250,0,220,-18" /><INIT seed="0,2,0,1,1,75" ten="288,260,250,202" oya="0" hai0="71,128,80,59,69,81,117,76,47,126,73,21,3" hai1="86,6,121,94,88,53,22,122,52,7,101,115,134" hai2="17,92,97,131,120,133,34,83,15,23,49,57,42" hai3="96,30,74,41,4,35,55,98,70,32,65,20,118"/><T44/><D117/><U125/><E125/><V14/><F120/><W37/><G118/><T116/><D116/><U114/><E121/><V110/><F131/><W39/><G4/><T16/><D3/><U129/><E134/><V31/><F133/><W24/><G55/><N who="1" m="21066" /><E129/><V26/><F110/><W108/><G108/><T1/><D1/><U61/><E122/><V91/><F57/><W19/><G74/><T60/><D126/><U84/><E61/><V13/><REACH who="2" step="1"/><F83/><REACH who="2" ten="288,260,240,202" step="2"/><W51/><G70/><T99/><D81/><U77/><E114/><V62/><F62/><W127/><G127/><T11/><D128/><U33/><E115/><V132/><F132/><W67/><G67/><T2/><D69/><U18/><E101/><V56/><F56/><W29/><G65/><T90/><D71/><U72/><E33/><V135/><F135/><W46/><G35/><T9/><D59/><U104/><E104/><V100/><F100/><W119/><G32/><T68/><D60/><U12/><E72/><V82/><F82/><AGARI ba="2,1" hai="6,7,12,18,22,77,82,84,86,88,94" m="21066" machi="82" ten="30,7700,0" yaku="8,1,52,1,54,2" doraHai="75" who="1" fromWho="2" sc="288,0,260,93,240,-83,202,0" /><INIT seed="1,0,0,4,4,66" ten="288,353,157,202" oya="1" hai0="131,34,32,57,12,116,15,121,37,124,75,99,38" hai1="3,14,48,41,2,7,108,110,9,55,24,17,35" hai2="122,98,30,132,104,106,49,39,80,103,53,109,92" hai3="31,18,21,88,102,112,25,117,119,135,51,85,11"/><U114/><E41/><V40/><F122/><W19/><G112/><T82/><D116/><N who="3" m="44617" /><G102/><T77/><D124/><U101/><E101/><V1/><F1/><N who="1" m="9" /><E114/><V68/><F109/><N who="1" m="42089" /><E48/><V87/><F132/><W89/><G89/><T115/><D131/><U29/><E55/><V0/><F0/><W58/><G135/><T107/><D121/><U96/><E96/><V86/><F86/><W83/><G11/><T52/><D115/><U6/><AGARI ba="0,0" hai="6,7,9,14,17,24,29,35" m="42089,9" machi="6" ten="40,12000,1" yaku="14,1,10,1,34,2" doraHai="66" who="1" fromWho="1" sc="288,-40,353,120,157,-40,202,-40" /><INIT seed="1,1,0,2,3,65" ten="248,473,117,162" oya="1" hai0="114,18,120,87,61,56,31,21,79,15,45,81,50" hai1="25,44,117,23,111,34,97,125,20,59,128,58,72" hai2="41,5,80,63,46,68,62,13,30,69,107,37,106" hai3="118,109,54,92,22,115,60,105,16,99,82,104,122"/><U103/><E117/><V77/><F30/><W47/><G109/><T1/><D120/><U12/><E72/><V36/><F13/><W90/><G122/><T17/><D114/><U113/><E113/><V7/><F46/><W84/><G115/><T42/><D1/><U0/><E0/><V116/><F80/><W29/><G29/><T135/><D135/><U9/><E111/><V38/><F77/><W131/><G131/><T26/><REACH who="0" step="1"/><D15/><REACH who="0" ten="238,473,117,162" step="2"/><U3/><E3/><V35/><F35/><W14/><G118/><T133/><D133/><U76/><E34/><V39/><F39/><W134/><G134/><T95/><D95/><U98/><E128/><V4/><F41/><W96/><G105/><N who="2" m="39945" /><F116/><W83/><G104/><T89/><D89/><U108/><E76/><V2/><F2/><W86/><G92/><T121/><D121/><U78/><E78/><V8/><F8/><W101/><G101/><T10/><D10/><U53/><E12/><V57/><F57/><N who="3" m="34871" /><G47/><T74/><D74/><U33/><E44/><V110/><F110/><W49/><G49/><T27/><D27/><U127/><E25/><V124/><F124/><W11/><G11/><T100/><D100/><U32/><E9/><V43/><F43/><W48/><G48/><T126/><D126/><U132/><E108/><V19/><F19/><W71/><G90/><T64/><AGARI ba="1,1" hai="17,18,21,26,31,42,45,50,56,61,64,79,81,87" machi="64" ten="20,8000,1" yaku="1,1,0,1,7,1,8,1,53,1" doraHai="65" doraHaiUra="73" who="0" fromWho="0" sc="238,93,473,-41,117,-21,162,-21" /><INIT seed="2,0,0,2,2,85" ten="331,432,96,141" oya="2" hai0="41,28,66,17,133,29,97,82,94,78,114,58,115" hai1="98,35,125,7,79,45,11,37,33,101,96,39,18" hai2="88,5,57,75,111,72,129,90,42,95,56,47,48" hai3="67,9,13,10,0,63,130,64,6,83,120,104,112"/><V110/><F5/><W126/><G120/><T124/><D41/><U20/><E125/><V8/><F8/><W105/><G126/><T123/><D133/><U71/><E79/><V52/><F129/><W16/><G130/><T134/><D134/><U84/><E71/><V60/><F57/><W93/><G112/><T43/><D43/><U121/><E84/><V102/><F102/><W53/><G83/><T116/><D116/><U49/><E39/><V122/><F122/><W61/><G93/><T2/><D2/><U65/><E37/><V54/><F42/><W107/><REACH who="3" step="1"/><G53/><REACH who="3" ten="331,432,96,131" step="2"/><T80/><D123/><U30/><E121/><V19/><F19/><W15/><G15/><T21/><D82/><U108/><E18/><V106/><F106/><W132/><G132/><T59/><D124/><U74/><E30/><V127/><F127/><W51/><G51/><T118/><D29/><U38/><E49/><V87/><REACH who="2" step="1"/><F90/><REACH who="2" ten="331,432,86,131" step="2"/><W77/><G77/><T24/><D78/><U91/><E91/><V40/><F40/><W76/><G76/><T62/><D17/><U14/><E101/><V1/><F1/><W113/><G113/><T117/><D115/><U69/><E38/><V103/><F103/><W34/><G34/><T135/><D114/><U25/><E33/><V128/><F128/><W86/><G86/><T68/><D135/><U89/><E89/><V3/><F3/><W81/><G81/><T44/><D80/><U31/><E35/><V50/><F50/><W99/><G99/><T73/><D117/><U36/><E98/><V109/><AGARI ba="0,2" hai="47,48,52,54,56,60,72,75,87,88,95,109,110,111" machi="109" ten="30,18000,2" yaku="1,1,0,1,14,1,10,1,52,1,54,2,53,0" doraHai="85" doraHaiUra="4" who="2" fromWho="2" sc="331,-60,432,-60,86,200,131,-60" /><INIT seed="2,1,0,2,0,42" ten="271,372,286,71" oya="2" hai0="18,121,77,110,119,80,63,41,116,66,70,22,6" hai1="59,123,27,78,93,44,113,115,81,60,50,92,97" hai2="30,7,108,47,120,73,112,17,75,100,57,9,72" hai3="128,38,94,95,132,29,0,133,13,76,49,79,43"/><V14/><F112/><W58/><G0/><T56/><D110/><U96/><E123/><V61/><F120/><W5/><G38/><T12/><D121/><U118/><E118/><N who="0" m="45097" /><D41/><U126/><E126/><V130/><F108/><W125/><G125/><T71/><D6/><U31/><E113/><V15/><F130/><W34/><G128/><T102/><D102/><U82/><E115/><V37/><F100/><W90/><G34/><T99/><D99/><U127/><E96/><V114/><F114/><W83/><G29/><T85/><AGARI ba="1,0" hai="12,18,22,56,63,66,70,71,77,80,85" m="45097" machi="85" ten="30,1100,0" yaku="12,1" doraHai="42" who="0" fromWho="0" sc="271,14,372,-4,286,-6,71,-4" /><INIT seed="3,0,0,0,5,119" ten="285,368,280,67" oya="3" hai0="129,110,20,93,19,95,86,64,123,74,72,3,89" hai1="44,29,91,45,38,18,32,16,23,92,34,132,54" hai2="25,118,75,111,80,30,68,48,31,122,60,99,109" hai3="77,46,49,105,108,57,114,85,125,82,47,115,73"/><W106/><G125/><T63/><D110/><N who="2" m="41994" /><F118/><W97/><G108/><T126/><D123/><U40/><E132/><V104/><F48/><W2/><G2/><T131/><D3/><U116/><E116/><V11/><F11/><W59/><G73/><T41/><D41/><U98/><E29/><V0/><F0/><W61/><G59/><N who="0" m="36991" /><D95/><U56/><E44/><V10/><F10/><W55/><G46/><T33/><D33/><U1/><E1/><V13/><F13/><W112/><REACH who="3" step="1"/><G97/><REACH who="3" ten="285,368,280,57" step="2"/><T15/><D126/><U62/><REACH who="1" step="1"/><E18/><REACH who="1" ten="285,358,280,57" step="2"/><V39/><F39/><W58/><G58/><T83/><D74/><U79/><E79/><V113/><F68/><W27/><G27/><AGARI ba="0,2" hai="16,23,27,32,34,38,40,45,54,56,62,91,92,98" machi="27" ten="30,12000,2" yaku="1,1,7,1,25,2,54,1,53,1" doraHai="119" doraHaiUra="70" who="1" fromWho="3" sc="285,0,358,140,280,0,57,-120" owari="285,9.0,498,59.0,280,-12.0,-63,-56.0" /></mjloggm>