<mjloggm ver="2.3"><GO type="169" lobby="0"/><UN n0="%E3%82%B5%E3%83%95%E3%82%A9%E3%83%BC%E3%82%AF%E3%81%AE%E7%94%BA" n1="%37%2F%32%E3%81%AB%E7%94%9F%E3%81%BE%E3%82%8C%E3%81%A6" n2="%E3%82%86%E3%81%A3%E3%81%8F%E3%82%8A%E5%A6%96%E5%A4%A2" n3="%E3%83%88%E3%83%B3%E3%83%8D%E3%83%AB%E5%A4%A9%E5%9B%BD" dan="17,16,17,17" rate="2182.50,2221.53,2196.12,2200.84" sx="M,M,M,M"/><TAIKYOKU oya="0"/><INIT seed="0,0,0,4,3,49" ten="250,250,250,250" oya="0" hai0="61,100,97,94,110,12,63,123,116,19,81,30,59" hai1="55,68,107,90,26,23,39,29,65,101,67,130,93" hai2="10,95,132,117,3,106,104,42,4,129,120,27,73" hai3="118,135,96,43,75,18,77,126,52,45,56,14,88"/><T11/><D116/><U78/><E39/><V16/><F120/><W8/><G118/><T86/><D123/><U44/><E78/><V76/><F117/><W80/><G135/><T113/><D113/><U57/><E44/><V25/><F132/><W41/><G126/><T33/><D110/><U99/><E68/><V2/><F42/><W72/><G72/><T83/><D33/><U108/><E108/><V114/><F114/><W84/><G45/><T115/><D115/><U34/><E34/><V128/><F95/><N who="3" m="56423" /><G75/><T13/><D30/><U9/><E9/><V127/><F127/><W105/><G105/><T82/><D13/><U31/><E31/><V6/><F73/><W37/><G37/><T98/><D98/><U22/><E22/><V5/><F76/><W133/><G133/><T121/><D63/><AGARI ba="0,0" hai="8,14,18,41,43,52,56,63,77,80,84" m="56423" machi="63" ten="30,7700,0" yaku="8,1,52,1,54,2" doraHai="49" who="3" fromWho="0" sc="250,-77,250,0,250,0,250,77" /><INIT seed="1,0,0,3,0,26" ten="173,250,250,327" oya="1" hai0="98,122,40,6,67,60,132,135,126,86,0,117,97" hai1="55,50,38,113,37,82,110,25,112,9,102,99,46" hai2="53,87,120,84,105,127,108,4,130,115,88,104,47" hai3="34,75,11,57,114,133,20,44,16,70,80,21,109"/><U30/><E110/><V8/><F120/><W103/><G114/><T92/><D117/><U134/><E134/><N who="0" m="51241" /><D122/><U58/><E9/><V118/><F130/><W125/><G133/><T89/><D126/><U121/><E121/><V77/><F127/><W31/><G70/><N who="0" m="42343" /><D40/><U71/><E71/><V81/><F118/><W3/><G103/><T111/><D111/><U76/><E113/><V18/><F108/><W66/><G20/><T91/><D91/><U59/><E38/><V74/><F74/><W13/><G44/><T5/><D0/><U68/><E68/><V85/><F85/><W32/><G125/><T129/><D129/><U65/><E37/><V83/><F115/><W39/><G39/><T106/><D98/><U28/><E112/><V94/><F94/><W119/><G119/><T1/><D1/><U101/><E46/><V23/><F4/><W10/><G10/><T64/><D64/><U19/><E101/><AGARI ba="0,0" hai="5,6,86,89,92,97,101,106" m="42343,51241" machi="101" ten="30,1000,0" yaku="20,1" doraHai="26" who="0" fromWho="1" sc="173,10,250,-10,250,0,327,0" /><INIT seed="2,0,0,4,0,52" ten="183,240,250,327" oya="2" hai0="16,119,126,30,33,82,110,68,67,133,118,35,116" hai1="129,111,34,22,71,47,95,42,23,81,113,4,19" hai2="117,51,50,98,78,124,87,123,66,27,12,75,91" hai3="20,15,9,70,132,13,43,135,92,125,1,108,18"/><V55/><F117/><W86/><G70/><T54/><D133/><N who="3" m="51273" /><G43/><T14/><D110/><U74/><E111/><V41/><F123/><W62/><G108/><T31/><D82/><U38/><E34/><N who="0" m="12809" /><D54/><U39/><E38/><V0/><F0/><W28/><G86/><T10/><D126/><U26/><E71/><V6/><F98/><W25/><G92/><T37/><D37/><U32/><E32/><V89/><F66/><W49/><G49/><T72/><D72/><U85/><E4/><V7/><F27/><N who="3" m="14743" /><G62/><AGARI ba="0,0" hai="10,14,16,30,31,62,67,68,116,118,119" m="12809" machi="62" ten="40,2600,0" yaku="12,1,54,1" doraHai="52" who="0" fromWho="3" sc="183,26,240,0,250,0,327,-26" /><INIT seed="3,0,0,5,3,59" ten="209,240,250,301" oya="3" hai0="47,39,2,89,76,79,86,75,104,109,77,73,91" hai1="26,108,53,1,87,72,49,15,120,119,25,38,97" hai2="88,11,100,95,92,121,23,133,27,65,37,7,57" hai3="111,71,69,36,22,28,6,116,126,66,83,98,40"/><W56/><G116/><T61/><D2/><U118/><E120/><V46/><F133/><W45/><G126/><T16/><D104/><U124/><E72/><V29/><F121/><W130/><G130/><T54/><D109/><U96/><E38/><V19/><F37/><W33/><G33/><T51/><D39/><U99/><E1/><V90/><F46/><W93/><G6/><T18/><D91/><U110/><E124/><V17/><F100/><W82/><G111/><N who="1" m="42538" /><E15/><N who="2" m="5631" /><F95/><W24/><G69/><T80/><D73/><U32/><E87/><N who="2" m="52255" /><F90/><W4/><G71/><T35/><D75/><U132/><E32/><V58/><F58/><W21/><G21/><T94/><D35/><U44/><E132/><V8/><F8/><W122/><G4/><T9/><D80/><U102/><E102/><V85/><F85/><W105/><G105/><T135/><D135/><U62/><E119/><V34/><F34/><W31/><G122/><T127/><D127/><U10/><E10/><V3/><F3/><W78/><G78/><T0/><D0/><U115/><E115/><V106/><F106/><W112/><G112/><T70/><REACH who="0" step="1"/><D9/><REACH who="0" ten="199,240,250,301" step="2"/><U114/><E118/><V5/><F5/><W64/><G36/><T13/><D13/><U48/><E114/><V52/><F65/><AGARI ba="0,1" hai="16,18,47,51,54,61,65,70,76,77,79,86,89,94" machi="65" ten="40,12000,2" yaku="1,1,52,1,54,1,53,3" doraHai="59" doraHaiUra="74" who="0" fromWho="2" sc="199,130,240,0,250,-120,301,0" /><INIT seed="4,0,0,0,3,112" ten="329,240,130,301" oya="0" hai0="86,130,42,48,36,71,47,59,51,55,119,105,54" hai1="53,75,74,31,5,50,135,12,41,24,28,102,72" hai2="99,17,118,35,120,84,66,89,16,37,52,134,94" hai3="103,45,30,90,114,39,76,93,127,88,116,117,32"/><T69/><D105/><U0/><E41/><V21/><F120/><W25/><G76/><T111/><D130/><U63/><E63/><V2/><F35/><W132/><G39/><T128/><D128/><U34/><E31/><V126/><F37/><W61/><G45/><T115/><D115/><U8/><E102/><V80/><F2/><W65/><G114/><T13/><D111/><U27/><E24/><V22/><F126/><W107/><G127/><T77/><D13/><U9/><E135/><V78/><F134/><W62/><G62/><T6/><D6/><U83/><E83/><V64/><F118/><N who="3" m="45675" /><G93/><T3/><D3/><U100/><E100/><V18/><REACH who="2" step="1"/><F52/><REACH who="2" ten="329,240,120,301" step="2"/><W14/><G132/><T125/><D125/><U113/><E113/><V79/><F79/><W4/><G32/><T1/><D1/><U67/><E67/><AGARI ba="0,1" hai="16,17,18,21,22,64,66,67,78,80,84,89,94,99" machi="67" ten="40,8000,1" yaku="1,1,8,1,54,1,53,1" doraHai="112" doraHaiUra="87" who="2" fromWho="1" sc="329,0,240,-80,120,90,301,0" /><INIT seed="5,0,0,1,3,3" ten="329,160,210,301" oya="1" hai0="126,71,79,57,25,56,85,117,59,78,96,125,120" hai1="30,40,34,113,72,65,51,114,6,10,118,128,108" hai2="101,26,2,112,11,21,39,64,47,16,49,133,58" hai3="42,13,12,52,104,20,50,55,35,28,32,103,94"/><U66/><E118/><V131/><F131/><W22/><G104/><T8/><D71/><U98/><E72/><V73/><F133/><W100/><G42/><T68/><D68/><U67/><E128/><V29/><F73/><W110/><G94/><T83/><D117/><U23/><E34/><V130/><F130/><W75/><G50/><T77/><D120/><U82/><E82/><V0/><F39/><W127/><G28/><T14/><D25/><N who="1" m="16703" /><E98/><V111/><F111/><W46/><G46/><T41/><D96/><U90/><E90/><V97/><F112/><N who="1" m="43113" /><E108/><V116/><F116/><W54/><G54/><T109/><D109/><U86/><E86/><V124/><F124/><N who="0" m="47722" /><D41/><U1/><E51/><V84/><F84/><W134/><G127/><T129/><D129/><U62/><E40/><V17/><F97/><W80/><G75/><T89/><D89/><U33/><E33/><V36/><F101/><W88/><G88/><T37/><D37/><U44/><E44/><V31/><F36/><W4/><G110/><T95/><D95/><U99/><E99/><V105/><F105/><W38/><G38/><T53/><D53/><U45/><E45/><V74/><F74/><W121/><G80/><T24/><D24/><U106/><E106/><V43/><F31/><W5/><G121/><T91/><D91/><U87/><E87/><V27/><F27/><W93/><G93/><T123/><D123/><U60/><AGARI ba="0,0" hai="1,6,10,60,62,65,66,67" m="43113,16703" machi="60" ten="40,3900,0" yaku="15,1,52,1" doraHai="3" who="1" fromWho="1" sc="329,-13,160,39,210,-13,301,-13" /><INIT seed="5,1,0,0,2,47" ten="316,199,197,288" oya="1" hai0="88,63,19,49,60,76,128,129,34,71,64,111,8" hai1="130,81,42,80,74,96,28,83,97,14,65,110,27" hai2="3,84,26,37,119,12,54,55,103,57,122,35,86" hai3="108,30,93,33,72,133,75,20,7,109,118,123,116"/><U115/><E74/><V114/><F119/><N who="3" m="45611" /><G123/><T99/><D34/><U66/><E115/><V53/><F3/><W126/><G33/><T32/><D32/><U48/><E130/><V107/><F122/><W44/><G133/><T41/><D76/><U120/><E120/><V69/><F69/><W22/><G126/><T56/><D111/><U106/><E110/><V94/><F37/><W77/><G93/><T45/><D8/><U1/><E1/><V10/><F107/><W9/><G44/><T15/><D99/><N who="1" m="37963" /><E106/><V58/><F114/><W112/><G112/><T117/><D117/><U39/><E39/><V67/><F103/><W82/><G75/><T21/><REACH who="0" step="1"/><D88/><REACH who="0" ten="306,199,197,288" step="2"/><U2/><E2/><V105/><F35/><W11/><G11/><T87/><D87/><U4/><E4/><V68/><F86/><W59/><G109/><T124/><D124/><U25/><E28/><V62/><F84/><W98/><G30/><T101/><D101/><U29/><E29/><V6/><F10/><W36/><G98/><T73/><D73/><U125/><E125/><V13/><F6/><W16/><G7/><T51/><D51/><U90/><E90/><V40/><F105/><W132/><G108/><T70/><D70/><U78/><E78/><V134/><F68/><W79/><G77/><T113/><D113/><U5/><E5/><V85/><F85/><W38/><G79/><T46/><D46/><N who="1" m="25687" /><E14/><V89/><F13/><W43/><G72/><T100/><D100/><U52/><E25/><V95/><F26/><W61/><G38/><T92/><D92/><U121/><E121/><RYUUKYOKU ba="1,1" sc="306,30,199,-10,197,-10,288,-10" hai0="15,19,21,41,45,49,56,60,63,64,71,128,129" /><INIT seed="6,2,1,2,1,62" ten="336,189,187,278" oya="2" hai0="81,9,27,63,64,7,127,132,104,29,24,28,98" hai1="37,65,56,50,86,134,49,123,79,26,90,45,97" hai2="121,77,10,5,4,59,93,1,12,92,21,47,39" hai3="105,66,102,125,33,75,85,131,124,94,84,68,99"/><V130/><F121/><W57/><G33/><T48/><D132/><U71/><E134/><V3/><F130/><W54/><G75/><T114/><D114/><U128/><E123/><V80/><F59/><W20/><G131/><T31/><D81/><N who="1" m="47423" /><E71/><V111/><F111/><W110/><G110/><T69/><D48/><N who="1" m="18539" /><E37/><V95/><F5/><W100/><G68/><T41/><D41/><U70/><E70/><V8/><F8/><W103/><G54/><T22/><D27/><U122/><E128/><V51/><F21/><W108/><G20/><T35/><D22/><U101/><E122/><V96/><F39/><W6/><G6/><T34/><D127/><N who="3" m="48713" /><G108/><T44/><D44/><U14/><E14/><V106/><F106/><W78/><G78/><T118/><D118/><U19/><E19/><V87/><REACH who="2" step="1"/><F96/><REACH who="2" ten="336,189,177,278" step="2"/><W53/><G99/><T133/><D133/><U11/><E11/><V0/><F0/><W88/><G57/><T46/><D35/><U116/><E116/><V25/><F25/><W76/><G105/><T74/><D104/><N who="1" m="63535" /><E26/><V119/><F119/><W55/><G85/><T58/><D69/><U113/><E113/><V36/><F36/><W117/><G84/><T115/><D115/><U60/><E45/><V61/><F61/><W135/><G135/><T72/><D46/><U30/><E30/><N who="0" m="11881" /><D98/><U120/><E120/><V32/><F32/><W16/><G117/><T89/><D74/><U40/><E40/><AGARI ba="2,2" hai="1,3,4,10,12,40,47,51,77,80,87,92,93,95" machi="40" ten="40,7700,0" yaku="1,1,25,2,53,0" doraHai="62" doraHaiUra="109" who="2" fromWho="1" sc="336,0,189,-83,177,103,278,0" /><INIT seed="6,3,0,1,2,131" ten="336,106,280,278" oya="2" hai0="83,95,13,63,24,123,115,6,73,49,91,19,42" hai1="21,92,3,132,37,129,35,31,87,12,28,8,113" hai2="55,15,65,104,4,135,126,111,70,45,122,110,109" hai3="38,61,84,23,48,62,20,114,125,0,29,60,103"/><V30/><F122/><W36/><G0/><T105/><D123/><U39/><E129/><V85/><F104/><W2/><G2/><T76/><D105/><U118/><E118/><V74/><F74/><W22/><G125/><T99/><D115/><U47/><E113/><V59/><F126/><W93/><G114/><T96/><D6/><U40/><E39/><V41/><F30/><W34/><G48/><T89/><D63/><U77/><E3/><V56/><F85/><W46/><G46/><T108/><D24/><U119/><E35/><V54/><F15/><W67/><G67/><T80/><D108/><U50/><E37/><N who="2" m="21679" /><F4/><W112/><G112/><T134/><D134/><U86/><E119/><V68/><F135/><W102/><G84/><T7/><D7/><U90/><E21/><V17/><F17/><W116/><G23/><T64/><D83/><U26/><E26/><V79/><F79/><W52/><G116/><T58/><D13/><U78/><E78/><V51/><F65/><W53/><G93/><T9/><D19/><U130/><E130/><V100/><F100/><W98/><G98/><T18/><D96/><U88/><E132/><V33/><F33/><W121/><G121/><T1/><D1/><U128/><E128/><V124/><F124/><W69/><G102/><T127/><D127/><U44/><E47/><V72/><F72/><W97/><G103/><T101/><D64/><U10/><E77/><V107/><F107/><W11/><G34/><T117/><D117/><U57/><E12/><V133/><F133/><W81/><G29/><N who="1" m="11338" /><E57/><V25/><F25/><RYUUKYOKU ba="3,0" sc="336,-15,106,15,280,15,278,-15" hai1="8,10,40,44,50,86,87,88,90,92" hai2="51,54,55,56,59,68,70,109,110,111" /><INIT seed="6,4,0,3,5,77" ten="321,121,295,263" oya="2" hai0="2,51,118,72,13,89,68,64,69,102,29,124,12" hai1="73,67,18,27,107,94,45,28,43,15,103,66,83" hai2="84,8,71,39,99,129,48,58,93,24,112,90,20" hai3="74,16,78,33,96,54,127,110,1,56,63,7,55"/><V75/><F71/><W19/><G110/><T128/><D2/><U61/><E107/><V42/><F75/><W32/><G127/><T4/><D72/><U52/><E103/><V10/><F112/><W130/><G130/><T105/><D29/><U122/><E122/><V9/><F129/><W26/><G55/><T104/><D128/><U88/><E43/><V121/><F121/><W98/><G7/><T82/><D124/><U95/><E73/><V106/><F39/><W31/><G32/><T35/><D35/><U0/><E0/><V100/><F58/><W92/><G1/><T131/><D4/><U30/><E28/><V41/><REACH who="2" step="1"/><F48/><REACH who="2" ten="321,121,285,263" step="2"/><W79/><G74/><T117/><D51/><N who="1" m="28783" /><E61/><V17/><AGARI ba="4,1" hai="8,9,10,17,20,24,41,42,84,90,93,99,100,106" machi="17" ten="30,3000,0" yaku="1,1,0,1,53,0" doraHai="77" doraHaiUra="116" who="2" fromWho="2" sc="321,-14,121,-14,285,52,263,-14" /><INIT seed="6,5,0,2,2,66" ten="307,107,337,249" oya="2" hai0="37,71,22,63,59,117,89,64,61,39,18,111,11" hai1="115,120,24,72,108,83,93,119,32,51,74,77,88" hai2="62,97,3,44,35,123,12,121,53,81,45,110,26" hai3="19,116,134,101,133,109,65,4,73,29,1,69,7"/><V47/><F3/><W40/><G109/><T132/><D111/><U56/><E108/><V103/><F110/><W126/><G116/><T15/><D117/><U14/><E119/><V106/><F12/><W118/><G118/><T124/><D132/><U30/><E115/><V21/><F35/><W68/><G73/><T129/><D129/><U78/><E120/><V80/><F53/><W94/><G65/><T31/><D124/><U112/><E112/><V16/><REACH who="2" step="1"/><F62/><REACH who="2" ten="307,107,327,249" step="2"/><W13/><G1/><T5/><D63/><U54/><E14/><V36/><F36/><W0/><G0/><T42/><D39/><U33/><E33/><V43/><F43/><W52/><G40/><T76/><D42/><U87/><REACH who="1" step="1"/><E77/><REACH who="1" ten="307,97,327,249" step="2"/><V100/><F100/><W6/><G101/><T85/><D76/><U60/><E60/><V41/><F41/><W98/><G133/><T96/><D37/><U79/><E79/><V2/><F2/><W10/><G134/><T131/><D64/><U27/><E27/><V99/><F99/><AGARI ba="5,2" hai="24,30,32,51,54,56,72,74,78,83,87,88,93,99" machi="99" ten="30,3900,0" yaku="1,1,7,1,54,1,53,0" doraHai="66" doraHaiUra="127" who="1" fromWho="2" sc="307,0,97,74,327,-54,249,0" /><INIT seed="7,0,0,0,1,95" ten="307,171,273,249" oya="3" hai0="1,129,91,125,84,133,117,12,14,35,48,113,107" hai1="54,97,116,114,37,50,40,110,106,92,29,60,20" hai2="47,94,56,9,89,31,102,128,46,127,99,123,72" hai3="39,63,71,62,111,5,122,101,86,98,65,24,87"/><W82/><G122/><T79/><D1/><U28/><E114/><V23/><F123/><W55/><G39/><T43/><D35/><U3/><E110/><V16/><F72/><W59/><G111/><T45/><D117/><U38/><E3/><V105/><F128/><W30/><G5/><T68/><D68/><U80/><E116/><V119/><F127/><W120/><G82/><T93/><D107/><U19/><E106/><V108/><F108/><W15/><G15/><T8/><D113/><U52/><E80/><V124/><F124/><W32/><REACH who="3" step="1"/><G120/><REACH who="3" ten="307,171,273,239" step="2"/><T25/><D125/><U83/><E83/><V4/><F119/><W21/><G21/><T126/><D14/><N who="1" m="9335" /><E38/><V34/><F4/><W17/><G17/><T22/><D126/><U51/><E37/><V78/><F16/><W100/><G100/><T67/><D12/><U130/><E130/><V42/><F23/><W70/><G70/><T96/><D129/><U44/><E60/><V85/><F102/><W66/><G66/><T75/><D8/><U73/><E73/><V134/><F9/><W112/><G112/><T49/><D75/><U81/><E81/><V18/><F18/><W26/><G26/><T58/><D67/><U132/><E132/><V53/><F134/><W104/><AGARI ba="0,1" hai="24,30,32,55,59,62,63,65,71,86,87,98,101,104" machi="104" ten="20,18000,2" yaku="1,1,0,1,7,1,25,2,52,1,53,0" doraHai="95" doraHaiUra="118" who="3" fromWho="3" sc="307,-60,171,-60,273,-60,239,190" owari="247,5.0,111,-39.0,213,-19.0,429,53.0" /></mjloggm>