<mjloggm ver="2.3"><GO type="169" lobby="0"/><UN n0="%E8%8C%B6%E8%89%B2%E3%81%AE%E3%82%A2%E3%83%AC" n1="%EF%BC%8A%E7%B4%97%E5%BC%A5%E8%8F%AF%EF%BC%8A" n2="%E3%83%A8%E3%82%B7%E3%83%AF" n3="%E3%81%B2%E3%81%8B%E3%81%B2%E3%81%8B" dan="16,17,16,16" rate="2153.21,2157.15,2116.18,2130.77" sx="M,F,M,M"/><TAIKYOKU oya="0"/><INIT seed="0,0,0,4,2,89" ten="250,250,250,250" oya="0" hai0="8,97,126,59,12,56,75,120,88,22,55,116,109" hai1="101,14,95,15,67,82,91,119,50,47,38,123,13" hai2="122,9,48,3,46,32,30,103,4,71,64,81,60" hai3="61,73,128,93,100,111,62,105,20,110,96,131,86"/><T11/><D116/><U113/><E119/><V43/><F122/><W98/><G20/><T23/><D120/><U6/><E123/><V34/><F30/><W45/><G45/><T58/><D75/><U51/><E38/><V28/><F28/><W90/><G61/><T79/><D79/><U94/><E113/><V74/><F103/><N who="3" m="62695" /><G73/><T104/><D104/><U54/><E67/><V127/><REACH who="2" step="1"/><F127/><REACH who="2" ten="250,250,240,250" step="2"/><W19/><G19/><N who="0" m="10599" /><D126/><U132/><E6/><V26/><F26/><W16/><G16/><T53/><D109/><N who="3" m="41481" /><G62/><N who="0" m="36127" /><D23/><U21/><E21/><V37/><F37/><W44/><G44/><T70/><D70/><U99/><E132/><V31/><F31/><W57/><G57/><N who="0" m="21515" /><D53/><U78/><E54/><V129/><F129/><W134/><G134/><T102/><D102/><U42/><E47/><V118/><F118/><W83/><AGARI ba="0,1" hai="83,86,90,93,98,100,128,131" m="41481,62695" machi="83" ten="30,7900,0" yaku="14,1,34,2,52,1" doraHai="89" who="3" fromWho="3" sc="250,-39,250,-20,240,-20,250,89" /><INIT seed="1,0,0,4,3,69" ten="211,230,220,339" oya="1" hai0="40,85,29,132,17,80,74,113,78,72,82,70,55" hai1="84,53,23,108,103,66,43,61,90,133,14,94,115" hai2="41,126,49,16,8,60,93,95,42,79,9,73,88" hai3="67,46,54,129,47,68,20,35,125,64,134,1,121"/><U100/><E115/><V51/><F126/><W107/><G35/><T2/><D113/><U127/><E127/><V50/><F73/><W10/><G107/><T62/><D132/><U120/><E120/><V33/><F33/><W101/><G101/><T104/><D2/><U96/><E133/><V111/><F111/><W117/><G20/><T30/><D104/><U118/><E118/><V76/><F60/><W26/><G26/><T27/><D40/><N who="2" m="15466" /><F95/><W45/><G1/><T11/><D85/><U81/><E108/><V32/><F32/><W83/><G68/><T109/><D109/><U21/><E43/><V105/><F105/><W63/><G63/><T38/><D38/><U56/><E100/><V22/><F8/><W6/><G10/><T116/><D116/><U3/><E3/><V131/><F9/><W44/><G125/><T75/><D75/><U87/><E14/><N who="2" m="9495" /><F131/><W91/><G129/><T92/><D92/><U59/><REACH who="1" step="1"/><E87/><AGARI ba="0,0" hai="49,50,51,76,79,87,88,93" m="9495,15466" machi="87" ten="30,3900,0" yaku="8,1,54,2" doraHai="69" who="2" fromWho="1" sc="211,0,230,-39,220,39,339,0" /><INIT seed="2,0,0,2,4,74" ten="211,191,259,339" oya="2" hai0="43,78,57,128,51,111,3,32,53,135,112,28,55" hai1="61,22,118,80,20,11,122,120,89,85,26,54,38" hai2="50,105,16,88,77,75,23,119,94,35,29,41,15" hai3="133,96,110,123,4,130,1,58,24,127,109,129,134"/><V99/><F119/><W27/><G58/><T131/><D112/><U73/><E118/><V12/><F105/><W91/><G91/><T30/><D3/><U66/><E38/><V45/><F35/><W92/><G123/><N who="1" m="47146" /><E54/><V34/><F34/><W19/><G92/><T37/><D111/><N who="3" m="42505" /><G96/><T117/><D135/><N who="3" m="51721" /><G19/><T97/><D97/><U63/><E11/><V84/><F29/><W21/><G127/><T9/><D57/><N who="1" m="37167" /><E26/><N who="3" m="9770" /><G21/><T8/><D28/><U65/><E73/><V39/><F75/><W72/><G72/><T107/><D30/><U93/><E93/><V70/><F39/><W101/><G101/><T5/><D37/><U87/><E87/><V60/><F60/><W100/><G100/><T31/><D31/><U69/><AGARI ba="0,0" hai="20,22,63,65,69,80,85,89" m="37167,47146" machi="69" ten="30,1100,0" yaku="13,1" doraHai="74" who="1" fromWho="1" sc="211,-3,191,11,259,-5,339,-3" /><INIT seed="3,0,0,0,2,123" ten="208,202,254,336" oya="3" hai0="55,38,51,64,110,54,83,37,49,42,30,60,12" hai1="120,25,66,24,14,15,106,90,33,128,52,40,11" hai2="56,100,63,124,35,62,50,6,8,19,2,44,43" hai3="114,115,135,108,57,45,121,34,133,20,105,91,48"/><W104/><G34/><T23/><D30/><U125/><E120/><V41/><F124/><W126/><G20/><T73/><D73/><U94/><E106/><V102/><F35/><W9/><G9/><T109/><D83/><U75/><E75/><V112/><F112/><W69/><G69/><T118/><D42/><U85/><E125/><V46/><F19/><W93/><G126/><T89/><D118/><U17/><E128/><V47/><F62/><W98/><G57/><N who="0" m="32991" /><D12/><U27/><E33/><V77/><F77/><W72/><G121/><T101/><D101/><U3/><E3/><V116/><F116/><W79/><G48/><T88/><D23/><U5/><E66/><V39/><REACH who="2" step="1"/><F47/><REACH who="2" ten="208,202,244,336" step="2"/><W61/><G45/><N who="0" m="28079" /><D89/><U122/><E122/><V80/><F80/><N who="3" m="45159" /><G61/><T96/><D88/><U0/><E0/><V1/><F1/><W26/><G114/><T82/><D82/><U28/><E28/><V22/><F22/><W70/><G115/><T58/><D96/><U36/><E17/><V13/><F13/><W127/><G127/><T71/><D71/><U97/><E15/><V59/><F59/><W53/><G98/><T132/><D132/><U131/><E97/><V87/><F87/><W92/><G91/><T21/><D21/><U76/><E76/><V103/><F103/><W74/><G135/><T84/><D84/><U81/><E81/><V119/><F119/><W10/><G133/><T4/><D4/><U107/><E5/><V65/><AGARI ba="0,1" hai="2,6,8,39,41,43,44,46,50,56,63,65,100,102" machi="65" ten="20,2700,0" yaku="1,1,0,1,7,1,53,0" doraHai="123" doraHaiUra="67" who="2" fromWho="2" sc="208,-7,202,-7,244,37,336,-13" /><INIT seed="4,0,0,4,2,60" ten="201,195,281,323" oya="0" hai0="99,127,98,113,4,100,10,102,17,69,58,104,91" hai1="33,46,86,54,120,43,71,39,82,89,61,126,96" hai2="66,128,114,115,92,32,74,50,118,103,124,76,129" hai3="83,93,26,20,87,55,40,56,27,109,15,134,117"/><T49/><D69/><U132/><E120/><V62/><F32/><W14/><G134/><T75/><D75/><U68/><E132/><V94/><F50/><W65/><G109/><T81/><D113/><N who="2" m="43018" /><F124/><W6/><G27/><T44/><D127/><U105/><E126/><V57/><F118/><W29/><G65/><T25/><D58/><U59/><REACH who="1" step="1"/><E33/><REACH who="1" ten="201,185,281,323" step="2"/><V121/><F121/><W11/><G117/><T22/><D104/><U0/><E0/><V122/><F122/><W21/><G40/><T28/><D81/><U24/><E24/><V13/><F13/><W111/><G111/><T63/><D100/><AGARI ba="0,1" hai="39,43,46,54,59,61,68,71,82,86,89,96,100,105" machi="100" ten="40,1300,0" yaku="1,1,53,0" doraHai="60" doraHaiUra="9" who="1" fromWho="0" sc="201,-13,185,23,281,0,323,0" /><INIT seed="5,0,0,5,3,3" ten="188,208,281,323" oya="1" hai0="39,64,91,80,82,60,47,111,68,120,124,35,119" hai1="40,72,34,100,26,28,126,23,134,36,16,103,32" hai2="21,25,86,50,129,79,41,71,43,131,77,20,135" hai3="87,96,94,1,84,38,85,128,37,65,122,74,118"/><U133/><E72/><V27/><F50/><W88/><G74/><T127/><D119/><U44/><E126/><N who="0" m="48169" /><D111/><U62/><E62/><V109/><F86/><W51/><G1/><T110/><D110/><U81/><E81/><V97/><F109/><W75/><G128/><T95/><D35/><U78/><E78/><V31/><F97/><W17/><G65/><T42/><D120/><U99/><E32/><V92/><F92/><W9/><G9/><T55/><D55/><U76/><E76/><V13/><F13/><W54/><G17/><T33/><D33/><U15/><REACH who="1" step="1"/><E103/><REACH who="1" ten="188,198,281,323" step="2"/><V121/><F121/><W115/><G75/><T108/><D108/><U6/><E6/><V52/><F79/><W14/><G122/><T112/><D112/><U29/><E29/><V107/><F77/><W57/><G115/><T30/><D30/><U53/><E53/><V11/><F31/><W24/><G118/><T46/><D46/><U0/><E0/><V102/><F102/><W116/><G116/><T73/><D73/><U66/><E66/><V89/><F52/><W63/><G63/><T61/><D60/><U113/><E113/><V19/><F19/><W90/><G54/><T70/><D70/><U56/><E56/><V5/><F71/><W10/><G57/><T48/><D82/><U117/><E117/><V67/><F67/><W45/><G90/><T93/><D80/><U130/><E130/><V105/><F89/><W132/><G88/><T18/><D91/><U69/><E69/><V49/><F129/><W101/><G101/><T7/><D68/><U22/><E22/><RYUUKYOKU ba="0,1" sc="188,-10,198,30,281,-10,323,-10" hai1="15,16,23,26,28,34,36,40,44,99,100,133,134" /><INIT seed="5,1,1,2,4,68" ten="178,228,271,313" oya="1" hai0="135,10,120,22,85,6,15,123,45,69,86,1,54" hai1="116,113,73,16,87,59,48,81,52,13,101,12,88" hai2="50,62,106,55,77,103,93,124,134,47,74,108,18" hai3="27,41,125,97,107,3,133,17,2,94,98,28,43"/><U51/><E116/><V112/><F108/><W82/><G17/><N who="0" m="10559" /><D69/><U70/><E70/><V76/><F106/><W95/><G107/><T78/><D78/><U130/><E130/><V121/><F121/><N who="0" m="46666" /><D135/><U90/><E73/><V132/><F112/><W61/><G82/><T49/><AGARI ba="1,1" hai="1,6,10,45,49,54,85,86" m="46666,10559" machi="49" ten="30,1100,0" yaku="13,1" doraHai="68" who="0" fromWho="0" sc="178,24,228,-6,271,-4,313,-4" /><INIT seed="6,0,0,3,2,9" ten="202,222,267,309" oya="2" hai0="41,36,110,89,128,86,100,130,125,1,79,6,104" hai1="57,56,131,70,102,65,10,11,123,96,124,60,4" hai2="93,16,66,75,12,109,105,8,132,19,35,7,68" hai3="39,78,127,63,43,83,92,98,49,111,80,90,119"/><V47/><F105/><W84/><G39/><T91/><D110/><U62/><E123/><V133/><F75/><W54/><G127/><T53/><D41/><U0/><E124/><V73/><F109/><W76/><G119/><T50/><D36/><U21/><E131/><N who="0" m="50217" /><D125/><U5/><E21/><V27/><F73/><W134/><G134/><N who="2" m="51817" /><F47/><W17/><G63/><T24/><D24/><U114/><E114/><V112/><F112/><W25/><G43/><T15/><D1/><U22/><E22/><N who="2" m="13767" /><F93/><W85/><G17/><T106/><D79/><U81/><E81/><V40/><F40/><W45/><G25/><T34/><D100/><U32/><E32/><V72/><F72/><W61/><G61/><T129/><N who="0" m="50225" /><T135/><DORA hai="3" /><D34/><U44/><E44/><V115/><F115/><W51/><G51/><T77/><D77/><U30/><E30/><V20/><F66/><W59/><G111/><T69/><D69/><U120/><E120/><V52/><F68/><W48/><G48/><T18/><D91/><U46/><E46/><AGARI ba="0,0" hai="45,46,49,54,59,76,78,80,83,84,85,90,92,98" machi="46" ten="40,2600,0" yaku="9,1,8,1" doraHai="9,3" who="3" fromWho="1" sc="202,0,222,-26,267,0,309,26" /><INIT seed="7,0,0,1,2,60" ten="202,196,267,335" oya="3" hai0="63,37,71,131,48,102,19,87,104,54,96,24,120" hai1="82,132,111,95,107,3,1,70,97,79,126,61,36" hai2="68,34,52,74,41,73,77,115,122,13,38,64,121" hai3="27,81,26,106,124,21,30,39,22,5,84,12,135"/><W112/><G106/><T11/><D120/><N who="2" m="46186" /><F34/><W33/><G39/><T72/><D72/><N who="1" m="43367" /><E95/><V67/><F68/><W62/><G112/><T80/><D37/><U86/><E86/><V46/><F115/><W114/><G124/><T69/><D131/><U4/><E126/><V117/><F117/><W78/><G135/><T56/><D24/><U103/><E132/><V18/><F52/><W15/><G33/><T42/><D19/><U2/><E111/><V130/><F130/><W128/><G5/><T105/><D105/><U23/><E23/><N who="2" m="11727" /><F77/><W94/><G128/><T50/><D50/><U53/><E53/><V65/><AGARI ba="0,0" hai="38,41,46,64,65,67,73,74" m="11727,46186" machi="65" ten="30,7900,0" yaku="13,1,52,3" doraHai="60" who="2" fromWho="2" sc="202,-20,196,-20,267,79,335,-39" owari="182,-22.0,176,-32.0,346,44.0,296,10.0" /></mjloggm>