<mjloggm ver="2.3"><GO type="169" lobby="0"/><UN n0="%E5%A4%8F%E6%81%8B%E8%8A%B1%E7%81%AB" n1="%E7%82%8E%E3%81%AE%E3%83%88%E3%83%AC%E3%83%BC%E3%83%80%E3%83%BC" n2="%E3%81%84%E3%83%BC%E3%81%AF%E3%82%93" n3="%74%61%6B%65%33" dan="17,16,16,16" rate="2249.20,2152.20,2099.06,2060.20" sx="M,M,M,M"/><TAIKYOKU oya="0"/><INIT seed="0,0,0,1,2,83" ten="250,250,250,250" oya="0" hai0="30,102,34,98,101,65,77,124,90,49,56,78,62" hai1="92,81,89,20,3,122,108,0,11,110,43,51,35" hai2="54,48,29,128,119,33,106,69,39,87,36,28,123" hai3="2,111,109,76,41,16,59,19,82,117,99,37,100"/><T21/><D124/><U60/><E35/><V116/><F123/><W55/><G2/><T13/><D34/><U130/><E122/><V115/><F115/><W107/><G117/><N who="2" m="45129" /><F128/><W131/><G131/><T52/><D90/><U70/><E130/><V25/><F106/><W67/><G67/><T38/><D38/><U12/><E81/><V8/><F29/><W58/><G41/><T129/><D129/><U66/><BYE who="0" /><E20/><V121/><F69/><W114/><G114/><T96/><D96/><UN n0="%E5%A4%8F%E6%81%8B%E8%8A%B1%E7%81%AB" /><U93/><E93/><V80/><F8/><W135/><G135/><T26/><D101/><U42/><E3/><V27/><F27/><W63/><G59/><T95/><REACH who="0" step="1"/><D13/><REACH who="0" ten="240,250,250,250" step="2"/><U64/><E0/><V94/><F121/><W18/><REACH who="3" step="1"/><G37/><REACH who="3" ten="240,250,250,240" step="2"/><T17/><D17/><U73/><E108/><V31/><F39/><W105/><G105/><T7/><D7/><U120/><E110/><V72/><F36/><W40/><G40/><T68/><AGARI ba="0,2" hai="21,26,30,49,52,56,62,65,68,77,78,95,98,102" machi="68" ten="20,7800,0" yaku="1,1,0,1,7,1,54,1,53,0" doraHai="83" doraHaiUra="71" who="0" fromWho="0" sc="240,98,250,-26,250,-26,240,-26" /><INIT seed="0,1,0,1,0,97" ten="338,224,224,214" oya="0" hai0="27,78,102,90,2,41,116,39,46,26,95,1,36" hai1="80,6,69,25,20,3,58,92,125,7,8,107,73" hai2="9,84,106,103,66,56,40,70,11,5,119,71,83" hai3="32,132,42,37,74,30,52,79,13,22,108,113,10"/><T60/><D116/><U48/><E107/><V87/><F119/><W18/><G113/><T65/><D78/><U45/><E69/><V54/><F40/><W55/><G108/><T111/><D111/><U93/><E125/><V62/><F87/><W59/><G132/><T34/><D36/><U12/><E58/><V49/><F5/><W120/><G120/><T94/><D27/><U75/><E75/><V17/><F17/><W88/><G55/><T29/><D95/><U127/><E127/><V76/><REACH who="2" step="1"/><F71/><REACH who="2" ten="338,224,214,214" step="2"/><W96/><G42/><T81/><D81/><U24/><E6/><V85/><F85/><W89/><G37/><T23/><D1/><U35/><E80/><V133/><F133/><W117/><G117/><T128/><D2/><U100/><E73/><V115/><F115/><W104/><G74/><T28/><D28/><U91/><E3/><V77/><F77/><W86/><G79/><T134/><D134/><U63/><E7/><V118/><F118/><W57/><G86/><T129/><D129/><U0/><E0/><V130/><F130/><W33/><G30/><T98/><D128/><U72/><E72/><V121/><F121/><W68/><G68/><T131/><D131/><U67/><E8/><V61/><F61/><W51/><G10/><T126/><D126/><U14/><E63/><V44/><F44/><W101/><REACH who="3" step="1"/><G59/><REACH who="3" ten="338,224,214,204" step="2"/><T99/><D29/><U15/><E45/><V135/><F135/><W38/><G38/><T19/><D39/><U112/><E112/><V110/><F110/><W114/><G114/><T4/><D46/><U47/><E47/><RYUUKYOKU ba="1,2" sc="338,-15,224,-15,214,15,204,15" hai2="9,11,49,54,56,62,66,70,76,83,84,103,106" hai3="13,18,22,32,33,51,52,57,88,89,96,101,104" /><INIT seed="1,2,2,1,3,56" ten="323,209,229,219" oya="1" hai0="72,95,69,66,105,43,19,120,61,129,110,12,121" hai1="27,118,96,0,97,91,130,4,29,133,28,37,1" hai2="71,54,24,38,55,113,81,52,102,58,115,73,53" hai3="65,135,2,48,57,117,10,109,39,21,68,8,59"/><U14/><E118/><V60/><F102/><W107/><G39/><T92/><D105/><U7/><E37/><V100/><F100/><W82/><G107/><T134/><D72/><U124/><E133/><V103/><F103/><W33/><G33/><T25/><D134/><U76/><E76/><N who="2" m="44175" /><F24/><W89/><G135/><T90/><D129/><U123/><E130/><V128/><F128/><W32/><G32/><T40/><D110/><U20/><E123/><N who="0" m="47177" /><D25/><U50/><E14/><V13/><F13/><W122/><G122/><T94/><D90/><U112/><E91/><V106/><F106/><W101/><G2/><T42/><D95/><U62/><E27/><V114/><F38/><W99/><G109/><T36/><D36/><U67/><E20/><AGARI ba="2,2" hai="12,19,20,40,42,43,61,66,69,92,94" m="47177" machi="20" ten="30,2000,0" yaku="13,1,52,1" doraHai="56" who="0" fromWho="1" sc="323,46,209,-26,229,0,219,0" /><INIT seed="2,0,0,2,0,131" ten="369,183,229,219" oya="2" hai0="38,22,89,87,47,2,72,17,85,83,1,105,42" hai1="125,81,3,51,68,109,111,56,6,0,113,129,45" hai2="37,77,35,106,86,41,70,90,44,75,57,69,119" hai3="52,14,91,12,116,93,60,23,74,43,92,46,13"/><V29/><F119/><W96/><G116/><T63/><D105/><U135/><E68/><V99/><F57/><W133/><G74/><T112/><D112/><U134/><E113/><V30/><F30/><W49/><G133/><N who="1" m="50698" /><E129/><V58/><F58/><W100/><G60/><T71/><D72/><U84/><E56/><V73/><F29/><W95/><G95/><T101/><D101/><U4/><E125/><V59/><F35/><W24/><G43/><T117/><D117/><U82/><E6/><V39/><F59/><W120/><G120/><T124/><D124/><U26/><E26/><V97/><F69/><W66/><G66/><T123/><D123/><U28/><E28/><V88/><F70/><W130/><G130/><T132/><D132/><U55/><E82/><V18/><F18/><N who="3" m="10695" /><G24/><T80/><D63/><U67/><E67/><V27/><F27/><W34/><G34/><T110/><D71/><U40/><E40/><V122/><F41/><W25/><G25/><T10/><D110/><N who="1" m="41995" /><E4/><V61/><F122/><W11/><G11/><T98/><D10/><U36/><E36/><V53/><F39/><W94/><G94/><T103/><D83/><U65/><E65/><V19/><F37/><W104/><G104/><T48/><D38/><U76/><AGARI ba="0,0" hai="0,3,45,51,55,76,81,84" m="41995,50698" machi="76" ten="30,8000,1" yaku="20,1,14,1,52,3" doraHai="131" who="1" fromWho="1" sc="369,-20,183,80,229,-40,219,-20" /><INIT seed="3,0,0,1,2,77" ten="349,263,189,199" oya="3" hai0="126,123,37,21,125,103,114,91,44,14,93,75,86" hai1="68,29,132,5,83,22,102,105,100,54,128,66,57" hai2="45,106,60,65,119,108,69,92,3,1,117,63,113" hai3="24,55,39,127,19,34,50,23,48,26,122,30,101"/><W131/><G122/><T46/><D75/><U42/><E132/><V4/><F108/><W87/><G39/><T62/><D123/><U94/><E128/><V120/><F120/><W35/><G131/><T56/><D114/><U84/><E105/><V11/><F92/><W49/><G127/><N who="0" m="48651" /><D103/><U13/><E42/><V110/><F110/><W38/><G38/><T10/><D21/><U64/><E68/><V70/><F45/><W135/><G135/><T111/><D37/><U18/><E29/><V96/><F3/><W33/><G101/><N who="1" m="39018" /><E94/><V8/><F96/><W52/><REACH who="3" step="1"/><G87/><REACH who="3" ten="349,263,189,189" step="2"/><T134/><D134/><U104/><E104/><V99/><F106/><W82/><G82/><T79/><D111/><U107/><E107/><V41/><F99/><W61/><G61/><T81/><D93/><U59/><E83/><V12/><F113/><W51/><N who="3" m="12288" /><DORA hai="31" /><W129/><G129/><T0/><D91/><U16/><E84/><V90/><F90/><W40/><G40/><T32/><D86/><U88/><E88/><V71/><F41/><W7/><G7/><T20/><D81/><U43/><E5/><V76/><F117/><W6/><G6/><T28/><D62/><N who="1" m="36151" /><E43/><V80/><F119/><W72/><G72/><T67/><D79/><U17/><E59/><V109/><F109/><W95/><G95/><T89/><D56/><U116/><E116/><V36/><F36/><W9/><G9/><T115/><D89/><U130/><E130/><V47/><F63/><W85/><G85/><T112/><D112/><U58/><E58/><V98/><F60/><W78/><G78/><RYUUKYOKU ba="0,1" sc="349,-15,263,15,189,-15,189,15" hai1="13,16,17,18,22,64,66" hai3="19,23,24,26,30,33,34,35,52,55" /><INIT seed="3,1,1,1,0,125" ten="334,278,174,204" oya="3" hai0="32,73,106,25,36,107,132,83,101,58,55,84,2" hai1="114,116,23,78,3,41,19,16,43,59,29,7,126" hai2="9,31,30,53,27,17,56,61,79,24,48,124,110" hai3="35,33,91,129,67,82,70,52,74,103,12,94,37"/><W80/><G37/><T95/><D2/><U99/><E116/><V120/><F124/><W130/><G103/><T65/><D36/><U51/><E114/><V100/><F110/><W115/><G115/><T50/><D132/><U93/><E126/><V104/><F120/><W121/><G121/><T40/><D73/><U34/><E78/><V108/><F108/><W102/><G102/><T66/><D40/><U128/><E34/><V88/><F79/><W45/><G12/><T68/><D68/><U13/><E29/><V47/><F100/><W63/><G33/><T1/><D1/><U62/><E19/><V71/><F71/><W86/><G35/><T72/><D72/><U21/><E21/><V122/><F122/><W38/><G74/><T6/><D6/><U89/><E7/><V98/><F104/><W97/><G38/><T87/><D107/><U69/><E69/><V109/><F109/><W134/><G134/><T4/><D4/><U118/><E3/><V112/><F112/><W15/><G15/><T64/><D106/><U111/><E118/><V117/><F9/><W92/><G92/><T76/><D25/><N who="2" m="9802" /><F17/><W39/><G39/><T44/><D32/><U105/><E105/><V28/><F117/><W131/><G97/><N who="0" m="59583" /><D87/><U49/><E111/><V119/><F119/><W135/><G135/><T10/><D10/><U113/><E113/><V18/><F18/><W14/><G14/><T60/><AGARI ba="1,1" hai="44,50,55,58,60,64,65,66,76,83,84" m="59583" machi="60" ten="30,1100,0" yaku="8,1" doraHai="125" who="0" fromWho="0" sc="334,24,278,-4,174,-4,204,-6" /><INIT seed="4,0,0,2,4,93" ten="358,274,170,198" oya="0" hai0="86,129,23,8,134,127,20,12,7,33,90,114,126" hai1="84,89,103,82,24,109,3,85,125,79,55,118,34" hai2="61,110,54,100,131,106,67,53,52,75,63,39,133" hai3="64,112,70,119,5,0,97,29,78,17,96,98,59"/><T11/><D129/><U25/><E3/><V46/><F75/><W111/><G70/><T124/><D33/><U72/><E118/><V32/><F32/><W65/><G111/><T22/><D134/><U43/><E109/><V117/><F117/><W48/><G119/><T45/><D45/><U135/><E135/><V108/><F131/><W76/><G0/><T30/><D114/><U128/><E128/><V41/><F133/><W116/><G116/><T4/><D90/><U28/><E125/><V50/><F100/><W36/><G36/><T130/><D86/><U35/><E43/><V94/><F94/><W51/><G5/><T44/><D44/><U80/><E72/><V73/><F106/><W69/><G69/><T37/><D37/><U81/><E103/><V71/><F73/><W27/><G17/><T120/><D130/><U10/><E81/><V42/><F63/><N who="3" m="38015" /><G65/><T88/><D88/><U95/><E82/><V9/><F9/><W101/><G101/><T104/><D104/><U115/><E10/><V77/><F77/><N who="3" m="29803" /><G112/><T92/><D92/><U31/><E115/><V99/><F39/><W15/><G15/><N who="0" m="5511" /><D30/><U107/><E107/><V49/><F108/><W2/><G2/><T113/><D113/><U1/><E1/><V14/><F110/><W57/><G57/><T26/><D26/><U83/><E80/><V74/><F74/><W105/><G105/><T68/><D68/><U66/><E66/><V40/><F46/><W6/><G6/><T38/><D38/><U60/><E55/><V87/><F67/><W122/><G122/><AGARI ba="0,0" hai="7,11,12,20,22,23,120,122,124,126,127" m="5511" machi="122" ten="40,7700,0" yaku="18,1,34,2" doraHai="93" who="0" fromWho="3" sc="358,77,274,0,170,0,198,-77" /><INIT seed="4,1,0,0,3,53" ten="435,274,170,121" oya="0" hai0="32,15,65,103,26,107,6,122,72,102,62,54,19" hai1="69,125,121,25,117,85,133,97,132,94,78,9,3" hai2="114,129,40,126,2,124,105,83,49,70,16,79,109" hai3="10,50,34,20,38,120,61,77,89,127,91,73,135"/><T23/><D122/><U84/><E69/><V22/><F109/><W96/><G38/><T8/><D72/><U56/><E121/><V82/><F114/><W80/><G34/><T119/><D119/><U81/><E25/><V90/><F105/><W118/><G118/><T27/><D107/><U57/><E117/><V123/><F123/><W7/><G120/><T28/><D54/><U93/><E125/><N who="2" m="48235" /><F2/><W33/><G33/><T95/><REACH who="0" step="1"/><D95/><REACH who="0" ten="425,274,170,121" step="2"/><U5/><E94/><V24/><F129/><W47/><G127/><T113/><D113/><U101/><REACH who="1" step="1"/><E84/><REACH who="1" ten="425,264,170,121" step="2"/><V92/><F92/><W13/><G73/><T41/><D41/><U52/><E52/><V30/><F40/><W111/><G111/><T48/><D48/><U14/><E14/><V63/><F49/><W17/><G50/><T112/><D112/><U68/><E68/><AGARI ba="1,2" hai="6,8,15,19,23,26,27,28,32,62,65,68,102,103" machi="68" ten="30,2900,0" yaku="1,1,7,1,53,0" doraHai="53" doraHaiUra="35" who="0" fromWho="1" sc="425,52,264,-32,170,0,121,0" /><INIT seed="4,2,0,2,2,112" ten="477,232,170,121" oya="0" hai0="84,40,14,13,22,33,75,36,133,57,58,10,78" hai1="39,8,62,79,126,38,41,102,81,88,94,86,68" hai2="123,19,100,61,23,119,121,24,96,3,69,134,17" hai3="104,115,89,64,83,5,0,46,18,92,99,32,47"/><T76/><D133/><U55/><E126/><V87/><F134/><W103/><G115/><T77/><D75/><U7/><E102/><V9/><F87/><W117/><G32/><T95/><D33/><U6/><E6/><V66/><F119/><W129/><G129/><T12/><D40/><U85/><E41/><V50/><F50/><W109/><G109/><T16/><D36/><U80/><E94/><V90/><F90/><W82/><G64/><T125/><D125/><U128/><E128/><V135/><F135/><W29/><G29/><T30/><D30/><U34/><E34/><V110/><F110/><W113/><G113/><T98/><D84/><U25/><E25/><V60/><F60/><W108/><G108/><T53/><D53/><U116/><E116/><V56/><F69/><W131/><G117/><T42/><D42/><U49/><E62/><V43/><F43/><W37/><G37/><T132/><D132/><U130/><E68/><V21/><F9/><W118/><G118/><T28/><D28/><U44/><REACH who="1" step="1"/><E130/><REACH who="1" ten="477,222,170,121" step="2"/><V26/><REACH who="2" step="1"/><F3/><AGARI ba="2,1" hai="3,7,8,38,39,44,49,55,79,80,81,85,86,88" machi="3" ten="30,7700,0" yaku="1,1,2,1,7,1,54,1,53,0" doraHai="112" doraHaiUra="105" who="1" fromWho="2" sc="477,0,222,93,170,-83,121,0" /><INIT seed="5,0,0,1,3,37" ten="477,315,87,121" oya="1" hai0="67,121,110,41,15,51,30,90,135,114,89,127,105" hai1="115,94,99,78,59,82,18,65,87,109,20,28,11" hai2="32,130,6,5,12,102,74,2,4,133,92,48,112" hai3="23,95,38,76,86,125,36,53,70,104,35,66,19"/><U14/><E115/><V43/><F74/><W1/><G104/><T123/><D105/><U27/><E109/><V72/><F72/><W93/><G35/><T29/><D110/><U122/><E122/><N who="0" m="46601" /><D135/><U120/><E120/><V50/><F133/><W91/><G1/><T128/><D128/><U40/><E65/><V58/><F130/><W25/><G125/><T71/><D127/><U0/><E59/><V26/><F2/><W81/><G95/><T3/><D3/><U8/><E0/><V118/><F118/><W75/><G70/><T129/><D15/><U44/><E8/><V77/><F77/><W111/><G111/><T97/><D97/><U31/><E94/><V79/><F79/><W117/><G66/><T62/><D129/><U46/><E99/><N who="2" m="59751" /><F32/><W17/><G117/><T7/><D7/><U34/><E34/><V42/><F26/><W24/><G53/><T47/><D114/><U39/><REACH who="1" step="1"/><E44/><REACH who="1" ten="477,305,87,121" step="2"/><V126/><F126/><W52/><G93/><T101/><D67/><U45/><E45/><V131/><F131/><W69/><G69/><T64/><D71/><U119/><E119/><V134/><F134/><W85/><G23/><T108/><D64/><U10/><E10/><V22/><F112/><W124/><G124/><T73/><D108/><U21/><E21/><V103/><F58/><W96/><G96/><T63/><D47/><U33/><E33/><V54/><F22/><W88/><G81/><T84/><D84/><U106/><E106/><V61/><F61/><W83/><G83/><T16/><D62/><U132/><E132/><V68/><F68/><RYUUKYOKU ba="0,1" sc="477,-10,305,30,87,-10,121,-10" hai1="11,14,18,20,27,28,31,39,40,46,78,82,87" /><INIT seed="5,1,1,0,4,21" ten="467,335,77,111" oya="1" hai0="101,102,121,38,66,49,15,76,130,34,0,133,99" hai1="6,22,43,64,17,87,2,58,65,112,109,78,74" hai2="80,98,45,125,62,42,56,89,57,85,108,84,92" hai3="103,114,110,124,119,131,104,115,32,5,13,95,128"/><U30/><E112/><N who="3" m="43050" /><G110/><T72/><D0/><U50/><E74/><V28/><F125/><W63/><G63/><T31/><D38/><U68/><E68/><V39/><F108/><W33/><G104/><T60/><D130/><N who="3" m="49705" /><G103/><T26/><D133/><U36/><E109/><V69/><F28/><W20/><G95/><T51/><D102/><U83/><E30/><V111/><F111/><W4/><G124/><T75/><D15/><U55/><E6/><N who="3" m="2666" /><G119/><T71/><D121/><U107/><E2/><V44/><F44/><W127/><G127/><T53/><D76/><U70/><E70/><V67/><REACH who="2" step="1"/><F85/><REACH who="2" ten="467,335,67,111" step="2"/><W19/><AGARI ba="1,2" hai="13,19,20,32,33" m="2666,49705,43050" machi="19" ten="40,8000,1" yaku="15,1,19,1,34,2" doraHai="21" who="3" fromWho="3" sc="467,-21,335,-41,67,-21,111,103" /><INIT seed="6,0,0,1,1,88" ten="446,294,46,214" oya="2" hai0="74,57,45,33,50,65,132,18,112,107,71,28,79" hai1="58,29,34,123,97,59,20,9,49,113,120,0,40" hai2="64,124,135,46,1,54,11,100,22,87,55,16,130" hai3="93,8,31,121,51,44,86,52,108,13,106,6,131"/><V43/><F124/><W84/><G108/><T70/><D107/><U69/><E69/><V115/><F135/><W62/><G106/><T82/><D132/><U95/><E34/><V36/><F115/><W126/><G121/><T21/><D112/><U63/><E113/><V14/><F130/><W30/><G126/><T83/><D28/><U114/><E114/><V17/><F64/><W125/><G125/><T92/><D33/><U35/><E35/><V67/><F67/><W78/><G131/><T7/><D7/><U25/><E0/><V15/><F1/><W77/><G86/><T102/><D83/><U53/><E9/><V89/><REACH who="2" step="1"/><F100/><REACH who="2" ten="446,294,36,214" step="2"/><W60/><G31/><T4/><D102/><U109/><E123/><V122/><F122/><W24/><G78/><T81/><D79/><U91/><E120/><V48/><F48/><W127/><G127/><T39/><D50/><U76/><E76/><V26/><F26/><W119/><G119/><T110/><D65/><N who="1" m="39159" /><E109/><V75/><F75/><W68/><G68/><T5/><D70/><U99/><E40/><V41/><F41/><W27/><G27/><T133/><D71/><U47/><E25/><V101/><F101/><W73/><G73/><T61/><D74/><U85/><E49/><V134/><F134/><W72/><G72/><T118/><D133/><U103/><E103/><V111/><F111/><W32/><G77/><T94/><D110/><U56/><E91/><V129/><F129/><W66/><G66/><T37/><D37/><U12/><E29/><V116/><F116/><W90/><AGARI ba="0,1" hai="6,8,13,24,30,32,44,51,52,60,62,84,90,93" machi="90" ten="30,4000,0" yaku="0,1,52,1,54,1" doraHai="88" who="3" fromWho="3" sc="446,-10,294,-10,36,-20,214,50" /><INIT seed="7,0,0,3,3,122" ten="436,284,16,264" oya="3" hai0="75,68,78,35,14,98,30,23,37,38,93,62,46" hai1="124,111,70,107,90,44,3,39,129,11,88,54,135" hai2="110,2,86,65,49,87,64,20,121,94,82,79,19" hai3="31,80,77,56,115,100,63,9,8,106,133,99,131"/><W123/><G123/><T52/><D35/><U59/><E70/><V29/><F121/><W89/><G115/><T58/><D68/><U48/><E107/><V113/><F2/><W1/><G131/><T81/><D46/><U108/><E129/><V101/><F113/><W130/><G130/><T34/><D34/><U61/><E39/><V16/><F29/><W41/><G133/><T117/><D117/><U97/><E135/><V51/><F20/><W47/><G1/><T32/><D32/><U12/><E3/><V128/><F128/><W57/><G31/><T42/><D42/><U71/><E71/><V102/><F94/><W72/><G56/><T25/><D14/><U53/><E124/><V104/><F82/><W50/><REACH who="3" step="1"/><G89/><AGARI ba="0,0" hai="23,25,30,37,38,52,58,62,75,78,81,89,93,98" machi="89" ten="30,2000,0" yaku="7,1,54,1" doraHai="122" who="0" fromWho="3" sc="436,20,284,0,16,0,264,-20" owari="456,56.0,284,8.0,16,-48.0,244,-16.0" /></mjloggm>