<mjloggm ver="2.3"><GO type="169" lobby="0"/><UN n0="%E5%A0%B4%E6%B3%81%E5%8E%A8" n1="%E8%B5%A4%E5%9D%82%E3%83%86%E3%83%B3%E3%83%91%E3%82%A4" n2="%62%69%67%6D%6F%75%74%68" n3="%E3%82%B9%E3%82%AB%E3%83%BC%E3%83%AC%E3%83%83%E3%83%88" dan="17,16,17,16" rate="2162.81,2070.77,2160.62,2112.03" sx="F,M,M,M"/><TAIKYOKU oya="0"/><INIT seed="0,0,0,3,3,80" ten="250,250,250,250" oya="0" hai0="21,18,116,45,115,118,52,56,92,27,132,117,24" hai1="124,3,130,110,122,54,78,133,26,72,7,11,49" hai2="134,90,123,82,2,57,22,73,33,109,30,70,44" hai3="79,20,53,76,97,86,84,106,67,63,0,95,40"/><T89/><D115/><U131/><E122/><V125/><F123/><W120/><G0/><T96/><D132/><U28/><E133/><V13/><F2/><W113/><G113/><T1/><D1/><U94/><E110/><V126/><F134/><W61/><G106/><T62/><D45/><U135/><E135/><V34/><F70/><W41/><G120/><T129/><REACH who="0" step="1"/><D27/><REACH who="0" ten="240,250,250,250" step="2"/><U88/><E131/><AGARI ba="0,1" hai="18,21,24,52,56,62,89,92,96,116,117,118,129,131" machi="131" ten="50,12000,1" yaku="1,1,2,1,25,2,54,1,53,0" doraHai="80" doraHaiUra="46" who="0" fromWho="1" sc="240,130,250,-120,250,0,250,0" /><INIT seed="0,1,0,4,3,64" ten="370,130,250,250" oya="0" hai0="10,89,120,132,32,0,98,53,84,8,87,23,45" hai1="115,44,83,112,118,81,65,7,61,134,101,114,25" hai2="78,42,59,119,127,16,105,30,133,71,40,70,1" hai3="124,122,18,73,68,63,50,47,55,60,102,36,48"/><T93/><D120/><U117/><E7/><V67/><F105/><W38/><G73/><T107/><D32/><U80/><E101/><V94/><F1/><W3/><G3/><T35/><D35/><U49/><E25/><V12/><F30/><W14/><G102/><T39/><D132/><U52/><REACH who="1" step="1"/><E134/><REACH who="1" ten="370,120,250,250" step="2"/><V97/><F133/><W130/><G122/><T19/><D0/><U58/><AGARI ba="1,1" hai="44,49,52,58,61,65,80,81,83,112,114,115,117,118" machi="58" ten="40,8000,1" yaku="1,1,2,1,0,1,11,1,54,1,53,0" doraHai="64" doraHaiUra="106" who="1" fromWho="1" sc="370,-41,120,93,250,-21,250,-21" /><INIT seed="1,0,0,2,1,130" ten="329,213,229,229" oya="1" hai0="60,32,50,64,96,62,72,93,110,15,121,70,13" hai1="90,125,79,127,12,23,117,3,22,28,47,5,46" hai2="17,68,44,109,92,116,59,77,88,124,75,101,81" hai3="114,58,45,33,78,14,36,86,69,94,16,104,107"/><U49/><E117/><V87/><F116/><W133/><G114/><T119/><D72/><U123/><E79/><V82/><F68/><W4/><G69/><T111/><D32/><U19/><E123/><V48/><F109/><W134/><G33/><T126/><D121/><U112/><E112/><V118/><F118/><W99/><G4/><T97/><D126/><N who="1" m="48139" /><E90/><V34/><F124/><W31/><G31/><T37/><D37/><U18/><E28/><V63/><F34/><W26/><G26/><T11/><D119/><U51/><E5/><V65/><F17/><N who="1" m="6153" /><E12/><V128/><F128/><W6/><G6/><T76/><D76/><U40/><E3/><V89/><F101/><N who="3" m="60663" /><G58/><T52/><D11/><U106/><E106/><V73/><F89/><W30/><G30/><T113/><D113/><U120/><E120/><V2/><F2/><W27/><G27/><T55/><D110/><U98/><E98/><V105/><F105/><W135/><G78/><T57/><D97/><U84/><E84/><V66/><F75/><W100/><G100/><T0/><D0/><U54/><AGARI ba="0,0" hai="22,23,40,46,47,49,51,54" m="6153,48139" machi="54" ten="30,1500,0" yaku="18,1" doraHai="130" who="1" fromWho="1" sc="329,-5,213,15,229,-5,229,-5" /><INIT seed="1,1,0,2,2,69" ten="324,228,224,224" oya="1" hai0="74,58,85,60,70,37,73,47,27,16,118,22,39" hai1="8,103,17,13,81,20,94,26,38,135,110,64,18" hai2="63,99,66,112,71,100,3,129,41,98,7,14,83" hai3="1,40,127,51,34,115,76,43,10,87,30,122,9"/><U67/><E135/><V19/><F129/><W96/><G122/><T24/><D118/><U102/><E38/><V42/><F112/><W114/><G127/><T28/><D70/><U50/><E81/><V55/><F7/><W72/><G72/><T95/><D47/><U130/><E130/><V111/><F111/><W90/><G76/><T107/><D107/><U106/><E106/><V15/><F3/><W93/><G1/><T57/><D57/><U97/><E103/><V44/><F83/><W92/><G115/><T91/><D74/><U84/><E84/><V101/><F55/><W68/><G68/><T132/><D73/><U32/><E32/><V33/><F33/><W113/><G113/><T49/><D49/><U75/><E75/><V25/><F25/><W88/><G114/><T119/><D119/><U36/><E36/><V86/><F86/><W116/><G116/><T109/><D109/><U121/><E121/><V23/><F15/><W108/><G108/><T29/><D29/><U6/><E110/><V126/><F126/><W31/><G34/><T5/><D5/><U89/><E102/><V105/><REACH who="2" step="1"/><F44/><REACH who="2" ten="324,228,214,224" step="2"/><N who="3" m="25991" /><G43/><T134/><D132/><U62/><E6/><V46/><F46/><W56/><G56/><T61/><D134/><U78/><E78/><V59/><F59/><W120/><G120/><T53/><D61/><U104/><E62/><V0/><F0/><W65/><G65/><N who="1" m="25162" /><E104/><AGARI ba="1,1" hai="14,19,23,41,42,63,66,71,98,99,100,101,104,105" machi="104" ten="30,3900,0" yaku="1,1,7,1,9,1,53,0" doraHai="69" doraHaiUra="21" who="2" fromWho="1" sc="324,0,228,-42,214,52,224,0" /><INIT seed="2,0,0,1,2,76" ten="324,186,266,224" oya="2" hai0="51,48,49,2,79,64,8,27,112,61,66,41,69" hai1="3,117,115,123,18,47,14,7,110,58,97,32,30" hai2="22,31,128,111,133,71,33,100,127,109,15,118,106" hai3="11,82,96,57,108,21,132,121,75,40,93,65,56"/><V36/><F71/><W98/><G121/><T28/><D112/><U1/><E58/><V52/><F118/><W77/><G108/><N who="2" m="41545" /><F36/><W124/><G124/><T70/><D2/><N who="1" m="523" /><E110/><V25/><F127/><W37/><G132/><T60/><D8/><N who="1" m="4383" /><E47/><V62/><F133/><W73/><G73/><T9/><D9/><U81/><E81/><V85/><F128/><W107/><G65/><T101/><D101/><U95/><E95/><V87/><F100/><W35/><G35/><T50/><D79/><U92/><E92/><V91/><F106/><W13/><G21/><T88/><D88/><U38/><E97/><V74/><F74/><W99/><G107/><T17/><D17/><U105/><E105/><V72/><F72/><W102/><G93/><T114/><D114/><U80/><E80/><N who="2" m="49575" /><F87/><W55/><G102/><T59/><D28/><U90/><E38/><V19/><F62/><W131/><G37/><T89/><D89/><U39/><E90/><V125/><F125/><W68/><G68/><N who="0" m="41991" /><D27/><N who="1" m="18527" /><E39/><V24/><F24/><W83/><G83/><T29/><D29/><U78/><E78/><V84/><F84/><W126/><G126/><T53/><D41/><U16/><E115/><V63/><F63/><N who="3" m="36255" /><G40/><T54/><D54/><AGARI ba="0,0" hai="15,19,22,25,31,33,52,54" m="49575,41545" machi="54" ten="30,11600,0" yaku="14,1,10,1,52,1,54,1" doraHai="76" who="2" fromWho="0" sc="324,-116,186,0,266,116,224,0" /><INIT seed="2,1,0,4,3,51" ten="208,186,382,224" oya="2" hai0="133,76,18,64,124,87,40,95,23,128,99,61,101" hai1="115,16,5,68,105,9,97,111,118,93,41,70,126" hai2="34,129,24,2,71,43,0,60,54,36,132,77,57" hai3="31,44,39,66,122,15,52,117,102,113,100,30,91"/><V63/><F132/><W55/><G117/><T106/><D133/><U88/><E115/><V104/><F104/><W32/><G122/><T107/><D128/><U12/><E118/><V94/><F129/><W83/><G113/><T116/><D124/><U131/><E131/><V37/><F77/><W25/><G66/><T134/><D134/><U74/><E74/><V135/><F135/><W21/><G39/><T96/><D40/><U81/><E126/><V45/><F37/><W89/><G31/><T72/><D72/><U123/><E41/><V47/><F47/><W3/><G3/><T7/><D7/><U6/><E123/><V59/><F71/><W80/><G15/><T8/><D8/><U110/><E81/><N who="3" m="31306" /><G32/><T13/><D76/><U29/><E29/><V69/><F69/><N who="1" m="26729" /><E105/><V58/><F58/><W48/><G55/><T22/><D87/><U27/><E27/><V38/><F38/><W49/><G49/><T127/><D127/><U56/><E56/><V65/><REACH who="2" step="1"/><F94/><REACH who="2" ten="208,186,372,224" step="2"/><W92/><G92/><T26/><D116/><U103/><E103/><AGARI ba="1,1" hai="21,25,30,44,48,52,89,91,100,102,103" m="31306" machi="103" ten="30,3900,0" yaku="8,1,52,1,54,1" doraHai="51" who="3" fromWho="1" sc="208,0,186,-42,372,0,224,52" /><INIT seed="3,0,0,3,2,11" ten="208,144,372,276" oya="3" hai0="50,79,120,125,4,114,44,3,112,17,63,57,21" hai1="117,102,103,8,15,61,65,131,36,53,69,92,39" hai2="60,22,84,71,30,54,90,7,86,25,13,28,95" hai3="116,45,56,16,75,97,51,99,78,41,121,111,135"/><W12/><G116/><T119/><D119/><U31/><E131/><V29/><F86/><W66/><G121/><T27/><D120/><U42/><E31/><V6/><F71/><W9/><G135/><T0/><D79/><U32/><E32/><V46/><F7/><W132/><G132/><T133/><D125/><U59/><E117/><V73/><F73/><W126/><G126/><T96/><D4/><U74/><E74/><V134/><F134/><W43/><G43/><T5/><D5/><U2/><E2/><V98/><F84/><W106/><G106/><T20/><D20/><U72/><E72/><V115/><F115/><N who="0" m="44074" /><D96/><N who="3" m="36937" /><G75/><T26/><D26/><U14/><E8/><N who="2" m="4247" /><F46/><W127/><G127/><T105/><D105/><U107/><E107/><V64/><F64/><W124/><G124/><T48/><D48/><N who="1" m="31143" /><E39/><V70/><F70/><W47/><G47/><T76/><D76/><U108/><E108/><V18/><F30/><W23/><G78/><T91/><D91/><U101/><E92/><V82/><F82/><W81/><G81/><T77/><D77/><U93/><E93/><V128/><F128/><W113/><G113/><T83/><D83/><U87/><E87/><V89/><F89/><W24/><G111/><T52/><D133/><U1/><E1/><V33/><F33/><W68/><G68/><T38/><D38/><U58/><E58/><AGARI ba="0,0" hai="18,22,25,28,29,54,58,60,90,95,98" m="4247" machi="58" ten="30,3900,0" yaku="25,1,8,1,52,1" doraHai="11" who="2" fromWho="1" sc="208,0,144,-39,372,39,276,0" /><INIT seed="4,0,0,3,4,134" ten="208,105,411,276" oya="0" hai0="70,52,115,121,85,31,1,80,24,132,110,46,78" hai1="71,44,19,27,119,117,13,49,96,2,86,89,61" hai2="65,118,47,112,100,120,33,84,7,45,56,95,50" hai3="35,87,88,111,81,41,9,113,91,107,0,72,103"/><T106/><D121/><U21/><E2/><V11/><F120/><W62/><G35/><T98/><D1/><U77/><E77/><V92/><F33/><W131/><G111/><T97/><D132/><U39/><E39/><V10/><F112/><W53/><G113/><T26/><D70/><U130/><E130/><V37/><F37/><W14/><G0/><T83/><D115/><U129/><E129/><V127/><F118/><W122/><G122/><T67/><D67/><U69/><E96/><V54/><F11/><W99/><G131/><T22/><D106/><U48/><E48/><V114/><F114/><W82/><G41/><T68/><D68/><U29/><E71/><V58/><F95/><W38/><G38/><T126/><D126/><U94/><E61/><V109/><F127/><W3/><G3/><T42/><D42/><U124/><E69/><V25/><F25/><W57/><G72/><T36/><D36/><U60/><E60/><V75/><F75/><W73/><G73/><T51/><D110/><U74/><E74/><V4/><F109/><W43/><G43/><T28/><REACH who="0" step="1"/><D83/><REACH who="0" ten="198,105,411,276" step="2"/><U66/><E66/><V23/><F65/><W16/><G81/><T90/><D90/><AGARI ba="0,1" hai="9,14,16,53,57,62,82,87,88,90,91,99,103,107" machi="90" ten="30,3900,0" yaku="7,1,54,2" doraHai="134" who="3" fromWho="0" sc="198,-39,105,0,411,0,276,49" /><INIT seed="5,0,0,1,3,43" ten="159,105,411,325" oya="1" hai0="20,60,49,93,94,38,131,84,27,14,30,128,13" hai1="45,50,57,135,17,69,124,36,10,52,0,4,58" hai2="133,109,59,134,32,118,31,82,110,63,90,19,67" hai3="130,44,16,37,85,95,91,132,96,48,55,78,64"/><U23/><E69/><V115/><F118/><W70/><G130/><N who="0" m="49707" /><D38/><U117/><E117/><V100/><F115/><W103/><G132/><N who="2" m="50793" /><F100/><W28/><G28/><T73/><D73/><U33/><E135/><V113/><F113/><W129/><G129/><T87/><D60/><U107/><E107/><V39/><F39/><W2/><G2/><T81/><D49/><U105/><E105/><V9/><F31/><W71/><G78/><N who="0" m="46135" /><D87/><U56/><E33/><V98/><F32/><W76/><G76/><T121/><D121/><U18/><E124/><V47/><F47/><W29/><G29/><T35/><D35/><U101/><E101/><V111/><F82/><W83/><G37/><T86/><D94/><U114/><E114/><V8/><F19/><W74/><G74/><T26/><D26/><U25/><REACH who="1" step="1"/><E36/><REACH who="1" ten="159,95,411,325" step="2"/><V6/><F111/><W77/><G103/><T65/><D65/><U1/><E1/><V123/><F110/><W122/><G64/><T106/><D106/><U108/><E108/><V3/><F109/><W75/><G71/><T125/><D125/><U104/><E104/><V21/><F67/><W61/><G70/><T12/><D93/><U54/><E54/><V112/><F112/><W34/><G55/><T41/><D41/><U68/><E68/><V51/><F3/><W15/><G34/><T72/><D72/><U99/><E99/><V24/><F98/><W40/><G96/><T126/><D126/><U88/><E88/><V53/><F90/><W116/><G91/><T80/><D86/><U42/><E42/><V7/><F53/><W97/><G40/><RYUUKYOKU ba="0,1" sc="159,15,95,15,411,-15,325,-15" hai0="12,13,14,20,27,30,80" hai1="0,4,10,17,18,23,25,45,50,52,56,57,58" /><INIT seed="5,1,1,3,2,49" ten="174,110,396,310" oya="1" hai0="50,92,131,42,53,11,129,77,104,47,126,62,18" hai1="84,45,29,38,60,116,87,102,2,117,99,25,8" hai2="86,113,105,106,59,26,85,81,72,122,30,34,125" hai3="43,48,1,21,135,51,112,69,23,71,65,37,12"/><U64/><E116/><V28/><F122/><W91/><G1/><T75/><D104/><U133/><E117/><V44/><F125/><W15/><G37/><T103/><D126/><U132/><E2/><V52/><F113/><W73/><G73/><T5/><D18/><U55/><E8/><V76/><F44/><W109/><G109/><T130/><D77/><U88/><E38/><V80/><F30/><W63/><G112/><T10/><D75/><U9/><E9/><V17/><F17/><W74/><G74/><T36/><D62/><U124/><E124/><V79/><F72/><W3/><G3/><T58/><D5/><U114/><E114/><V83/><F83/><W31/><G135/><N who="1" m="51786" /><E64/><V33/><F33/><W70/><G65/><T32/><D32/><N who="1" m="20527" /><E88/><V108/><F108/><W6/><G91/><T20/><D20/><U57/><E45/><V40/><REACH who="2" step="1"/><F40/><REACH who="2" ten="174,110,386,310" step="2"/><W98/><G43/><T67/><D42/><U27/><E27/><V24/><F24/><W111/><G111/><T7/><D7/><U123/><E123/><V89/><F89/><W14/><G6/><T22/><D47/><U95/><AGARI ba="1,2" hai="55,57,60,84,87,95,99,102" m="20527,51786" machi="95" ten="30,3000,0" yaku="20,1,52,1" doraHai="49" who="1" fromWho="1" sc="174,-11,110,53,386,-11,310,-11" /><INIT seed="5,2,0,3,1,95" ten="163,163,375,299" oya="1" hai0="125,39,131,21,22,37,77,43,130,51,85,2,128" hai1="16,64,134,127,112,11,35,23,83,60,106,92,9" hai2="45,90,114,42,53,24,12,66,67,75,105,96,79" hai3="1,44,73,121,110,117,3,56,101,69,119,33,123"/><U34/><E106/><V81/><F114/><W120/><G110/><T100/><D2/><N who="3" m="521" /><G69/><T82/><D125/><U86/><E127/><V46/><F53/><W91/><G73/><T49/><D100/><U10/><E112/><V74/><F74/><W115/><G115/><T8/><D8/><U57/><E92/><V111/><F111/><W41/><G33/><T29/><D29/><U40/><E40/><V98/><F45/><W7/><G7/><T61/><D61/><U31/><E31/><V47/><F47/><W63/><G101/><T59/><D43/><U26/><REACH who="1" step="1"/><E134/><REACH who="1" ten="163,153,375,299" step="2"/><V84/><F105/><W94/><G41/><T25/><D130/><U48/><E48/><V132/><F132/><W99/><G94/><T71/><D49/><U20/><E20/><V109/><F109/><W38/><G123/><T76/><D21/><U107/><E107/><V126/><F126/><W18/><G121/><T28/><D131/><U102/><E102/><V0/><F42/><W116/><G120/><T87/><D128/><U36/><E36/><V89/><F46/><W88/><G38/><T14/><D37/><U6/><E6/><V118/><F118/><W103/><G119/><T78/><D39/><U4/><E4/><V62/><F62/><W52/><G117/><T55/><D51/><U113/><E113/><V19/><F0/><W72/><G116/><T135/><D135/><U13/><E13/><V54/><F12/><W133/><G133/><T108/><D14/><U129/><E129/><V15/><F15/><W104/><G104/><T5/><D108/><U93/><E93/><RYUUKYOKU ba="2,1" sc="163,-10,153,30,375,-10,299,-10" hai1="9,10,11,16,23,26,34,35,57,60,64,83,86" /><INIT seed="5,3,1,3,3,103" ten="153,183,365,289" oya="1" hai0="92,125,21,130,49,25,96,78,116,88,2,29,65" hai1="104,59,5,122,111,41,87,13,135,129,89,110,75" hai2="91,64,8,24,45,54,109,56,119,48,52,18,42" hai3="71,61,36,37,118,72,44,82,43,128,35,107,28"/><U132/><E122/><V98/><F119/><W66/><G118/><T124/><D116/><U4/><E129/><V14/><F109/><N who="1" m="41481" /><E75/><V74/><F74/><W38/><G128/><T20/><D130/><U58/><E41/><V90/><F64/><W77/><G107/><T3/><D78/><U32/><E32/><V79/><F79/><W27/><AGARI ba="3,1" hai="27,28,35,36,37,38,43,44,61,66,71,72,77,82" machi="27" ten="30,7900,0" yaku="0,1,33,3" doraHai="103" who="3" fromWho="3" sc="153,-23,183,-42,365,-23,289,98" /><INIT seed="6,0,0,5,5,36" ten="130,141,342,387" oya="2" hai0="61,97,81,28,17,128,2,91,10,116,127,35,67" hai1="86,102,41,31,13,125,94,89,21,118,56,50,98" hai2="74,113,59,12,16,71,123,49,124,30,96,26,22" hai3="135,85,6,19,77,78,104,133,43,114,7,93,111"/><V18/><F123/><W82/><G111/><T55/><D128/><U37/><E37/><V38/><F71/><W69/><G69/><T130/><D130/><U79/><E118/><V11/><F38/><W65/><G65/><T4/><D127/><U92/><E125/><V120/><F124/><W105/><G114/><T24/><D116/><U20/><E79/><V60/><F74/><W34/><G34/><T64/><D61/><U68/><E68/><V9/><F120/><W3/><G78/><T23/><D55/><N who="1" m="31863" /><E31/><V122/><F122/><W76/><G76/><T119/><D119/><U57/><E57/><V51/><F113/><W40/><G19/><T72/><D72/><U129/><E129/><V121/><F121/><W95/><G3/><T100/><D91/><U27/><E27/><V14/><F96/><W112/><G112/><T90/><D90/><U132/><E132/><N who="3" m="50762" /><G105/><T110/><D81/><U58/><E58/><V88/><F88/><N who="3" m="53391" /><G95/><T29/><D29/><U134/><E134/><V52/><AGARI ba="0,0" hai="9,11,12,14,16,18,22,26,30,49,51,52,59,60" machi="52" ten="20,18000,2" yaku="0,1,7,1,9,1,8,1,54,2" doraHai="36" who="2" fromWho="2" sc="130,-60,141,-60,342,180,387,-60" /><INIT seed="6,1,0,2,3,92" ten="70,81,522,327" oya="2" hai0="33,72,97,2,71,127,18,25,67,52,54,41,80" hai1="48,106,87,74,83,64,89,105,86,20,40,62,114" hai2="5,120,29,21,111,115,78,13,57,133,28,69,22" hai3="79,60,0,26,99,129,91,82,61,101,96,116,70"/><V47/><F120/><W100/><G0/><T84/><D2/><U34/><E34/><V12/><F69/><W45/><G116/><T55/><D72/><U16/><E74/><V11/><F115/><W17/><G129/><T6/><D6/><U102/><E114/><V65/><F133/><W59/><G70/><T126/><D41/><U109/><E109/><V30/><F111/><W112/><G112/><T19/><D97/><N who="3" m="37449" /><G79/><T37/><D37/><U44/><E87/><V8/><F47/><W9/><G45/><T7/><D7/><U103/><E106/><V76/><F57/><W125/><G125/><N who="0" m="47627" /><D33/><U50/><E105/><V75/><F65/><N who="3" m="39071" /><G61/><N who="0" m="40431" /><D25/><N who="1" m="14471" /><E50/><V81/><F76/><AGARI ba="1,0" hai="18,19,52,54,55,76,80,84" m="40431,47627" machi="76" ten="30,2000,0" yaku="18,1,54,1" doraHai="92" who="0" fromWho="2" sc="70,23,81,0,522,-23,327,0" /><INIT seed="7,0,0,1,1,10" ten="93,81,499,327" oya="3" hai0="117,81,33,79,61,49,84,68,35,29,86,115,2" hai1="8,111,123,27,125,54,46,108,83,89,71,94,1" hai2="11,43,88,19,18,129,12,95,85,132,66,56,124" hai3="6,87,105,133,42,97,60,76,47,15,96,24,119"/><W37/><G119/><T17/><D117/><U103/><E71/><V99/><F132/><W45/><G133/><T14/><D2/><U31/><E123/><V22/><F129/><W112/><G112/><T13/><D115/><U70/><E70/><V135/><F124/><W80/><G105/><T3/><D3/><U93/><E125/><V38/><F38/><W74/><G74/><T57/><D29/><U92/><E103/><V110/><F110/><W28/><G60/><T26/><D68/><U58/><E46/><V30/><F30/><W90/><G47/><T50/><D35/><U34/><E83/><V59/><F43/><W20/><REACH who="3" step="1"/><G76/><REACH who="3" ten="93,81,499,317" step="2"/><T32/><D61/><U109/><E109/><V78/><F135/><W134/><G134/><T48/><D79/><U116/><E116/><V63/><F78/><W73/><G73/><T21/><D49/><U4/><REACH who="1" step="1"/><E89/><REACH who="1" ten="93,71,499,317" step="2"/><V127/><F127/><W104/><G104/><T122/><D122/><U55/><E55/><V52/><F52/><W53/><G53/><T25/><D48/><AGARI ba="0,2" hai="1,4,8,27,31,34,48,54,58,92,93,94,108,111" machi="48" ten="40,2600,0" yaku="1,1,53,1" doraHai="10" doraHaiUra="5" who="1" fromWho="0" sc="93,-26,71,46,499,0,317,0" owari="67,-43.0,117,-28.0,499,59.0,317,12.0" /></mjloggm>