<mjloggm ver="2.3"><GO type="169" lobby="0"/><UN n0="%53%61%6F%2D%48%7A%78" n1="%4B%2D%4D%2D%42" n2="%E3%83%9E%E3%83%AA%E3%83%83%E3%82%B5%E3%82%AF%E3%83%BC%E3%83%91%E3%83%BC" n3="%E8%8C%B6%E8%89%B2%E3%81%AE%E3%82%A2%E3%83%AC" dan="16,16,16,16" rate="2107.18,2093.73,2125.97,2161.48" sx="F,M,M,M"/><TAIKYOKU oya="0"/><INIT seed="0,0,0,3,5,79" ten="250,250,250,250" oya="0" hai0="73,23,108,27,56,92,118,39,72,25,87,19,35" hai1="38,89,5,70,57,122,52,1,9,119,91,109,128" hai2="67,107,2,84,54,102,31,99,110,41,34,97,18" hai3="7,80,106,66,116,127,83,103,133,51,115,101,48"/><T135/><D39/><U43/><E119/><V49/><F2/><W131/><G115/><T98/><D118/><U6/><E122/><V124/><F124/><W104/><G116/><T82/><D135/><U77/><E109/><V55/><F110/><W134/><G7/><T76/><D108/><U17/><E128/><V132/><F132/><N who="3" m="50795" /><G66/><T42/><D42/><U105/><E105/><N who="3" m="40554" /><G127/><T37/><D37/><U86/><E70/><V53/><F67/><W12/><G131/><T29/><REACH who="0" step="1"/><D56/><REACH who="0" ten="240,250,250,250" step="2"/><U64/><E43/><V117/><F41/><W60/><G60/><T21/><D21/><U62/><E38/><V4/><F117/><W81/><G12/><T8/><D8/><U123/><E9/><V44/><F34/><W130/><G130/><T126/><D126/><U20/><E20/><V71/><F71/><W11/><G11/><T100/><AGARI ba="0,1" hai="19,23,25,27,29,35,72,73,76,82,87,92,98,100" machi="100" ten="20,7800,0" yaku="1,1,0,1,7,1,52,1,53,0" doraHai="79" doraHaiUra="58" who="0" fromWho="0" sc="240,88,250,-26,250,-26,250,-26" /><INIT seed="0,1,0,4,4,110" ten="328,224,224,224" oya="0" hai0="70,8,35,81,5,56,127,134,37,98,36,101,29" hai1="77,21,47,51,108,130,14,22,93,82,66,64,27" hai2="75,125,135,46,59,25,57,20,58,48,102,105,6" hai3="83,120,67,19,18,9,76,49,88,72,31,43,86"/><T113/><D134/><U96/><E108/><V10/><F135/><W78/><G120/><T60/><D127/><U117/><E130/><V0/><F125/><W87/><G31/><T116/><D116/><U45/><E14/><V16/><F75/><W7/><G67/><T97/><D97/><U34/><E34/><V80/><F80/><W61/><G61/><T65/><D113/><U132/><E132/><V118/><F118/><W2/><G72/><T53/><D81/><U50/><E117/><V115/><F102/><W52/><G43/><T84/><D84/><U74/><E50/><V112/><REACH who="2" step="1"/><F105/><REACH who="2" ten="328,224,214,224" step="2"/><W85/><G78/><T94/><D101/><U30/><E93/><V42/><AGARI ba="1,1" hai="0,6,10,16,20,25,42,46,48,57,58,59,112,115" machi="42" ten="30,12000,2" yaku="1,1,2,1,0,1,52,2,54,1,53,0" doraHai="110" doraHaiUra="128" who="2" fromWho="2" sc="328,-61,224,-31,214,133,224,-31" /><INIT seed="1,0,0,2,1,132" ten="267,193,347,193" oya="1" hai0="39,67,107,18,48,104,100,123,53,35,11,57,131" hai1="58,55,121,110,38,6,120,86,117,37,50,116,112" hai2="54,74,88,97,98,125,113,73,108,42,14,60,78" hai3="19,10,106,30,61,45,134,1,3,59,22,9,92"/><U72/><E72/><V51/><F108/><W109/><G106/><T85/><D35/><U129/><E6/><V90/><F42/><W119/><G134/><T126/><D39/><N who="1" m="14859" /><E86/><V122/><F122/><N who="1" m="47209" /><E129/><V127/><F60/><W64/><G109/><T56/><D100/><U81/><E81/><V49/><F54/><W36/><G30/><T76/><D76/><U0/><E0/><V7/><F7/><W68/><G68/><T114/><D85/><U8/><E8/><V63/><F63/><W31/><G31/><T12/><D131/><U21/><E21/><V26/><F14/><W28/><G28/><T118/><D104/><U95/><E95/><V32/><F78/><W52/><G36/><T91/><D107/><U41/><E110/><V84/><F84/><W17/><G3/><T115/><D91/><U13/><E13/><V79/><F79/><W101/><G119/><N who="1" m="45642" /><E41/><V105/><F105/><W124/><G1/><T43/><D43/><U71/><E71/><V89/><F90/><W77/><G77/><T70/><D70/><U102/><E102/><V94/><F94/><W62/><G10/><T128/><D128/><U130/><E130/><V69/><F69/><W33/><G9/><T75/><D75/><U93/><E93/><V133/><F133/><W83/><G83/><T20/><D11/><U46/><E112/><N who="0" m="43049" /><D118/><U82/><E82/><V16/><F113/><W29/><G33/><T135/><D123/><U4/><E4/><V25/><F32/><W2/><G101/><T34/><D135/><U80/><E80/><V27/><F27/><W5/><G92/><RYUUKYOKU ba="0,0" sc="267,-15,193,15,347,15,193,-15" hai1="46,50,55,58" hai2="16,25,26,49,51,73,74,88,89,97,98,125,127" /><INIT seed="1,1,0,2,1,17" ten="252,208,362,178" oya="1" hai0="22,104,92,16,94,55,61,66,6,102,89,95,77" hai1="33,83,119,52,93,56,74,26,4,18,51,19,120" hai2="103,115,127,131,49,46,124,25,86,39,69,118,7" hai3="36,71,65,135,42,73,35,48,110,121,123,113,79"/><U128/><E119/><V32/><F118/><W84/><G84/><T99/><D6/><U40/><E120/><V45/><F69/><W108/><G35/><T10/><D10/><U78/><E128/><V97/><F131/><W114/><G48/><T76/><D55/><U54/><E4/><V88/><F115/><N who="3" m="44043" /><G79/><T57/><REACH who="0" step="1"/><D89/><REACH who="0" ten="242,208,362,178" step="2"/><U126/><E54/><V67/><F7/><W0/><G0/><T12/><AGARI ba="1,1" hai="12,16,22,57,61,66,76,77,92,94,95,99,102,104" machi="12" ten="30,8000,1" yaku="1,1,2,1,0,1,52,1,54,1,53,0" doraHai="17" doraHaiUra="50" who="0" fromWho="0" sc="242,93,208,-41,362,-21,178,-21" /><INIT seed="2,0,0,1,5,2" ten="335,167,341,157" oya="2" hai0="23,58,78,118,7,48,56,22,0,81,135,49,109" hai1="51,3,19,97,90,65,26,125,84,62,38,6,61" hai2="75,64,55,15,34,42,69,77,100,89,71,10,39" hai3="115,112,127,103,68,86,120,47,46,108,134,14,72"/><V83/><F34/><W45/><G72/><T25/><D109/><U60/><E38/><V17/><F100/><W87/><G120/><T35/><D35/><U16/><E125/><V70/><F64/><W119/><G103/><T107/><D107/><U40/><E65/><V96/><F55/><W92/><G127/><T54/><D135/><U128/><E128/><V66/><F66/><W12/><G134/><T30/><D23/><U27/><E97/><V32/><F32/><W94/><G68/><T9/><D118/><U85/><E51/><V28/><F28/><W129/><G108/><T93/><D93/><U126/><E126/><V33/><F33/><W44/><G44/><T91/><D91/><U13/><E3/><V133/><F133/><W131/><REACH who="3" step="1"/><G46/><REACH who="3" ten="335,167,341,147" step="2"/><T79/><D58/><U50/><E84/><V52/><F71/><W24/><G24/><N who="1" m="9258" /><E85/><V73/><F70/><W80/><G80/><T102/><D81/><U114/><E114/><V82/><F69/><W29/><G29/><T95/><D102/><U130/><E130/><V74/><F73/><W53/><G53/><T105/><D54/><U99/><E99/><V116/><F52/><W1/><G1/><T104/><D56/><U20/><E90/><V123/><F96/><W110/><G110/><T76/><D0/><U67/><E67/><V59/><F89/><W43/><G43/><T121/><D30/><U18/><E6/><V11/><F74/><W41/><G41/><T124/><D7/><U117/><E117/><AGARI ba="0,1" hai="12,14,45,47,86,87,92,94,112,115,117,119,129,131" machi="117" ten="25,8000,1" yaku="1,1,22,2,53,2" doraHai="2" doraHaiUra="8" who="3" fromWho="1" sc="335,0,167,-80,341,0,147,90" /><INIT seed="3,0,0,1,0,50" ten="335,87,341,237" oya="3" hai0="32,58,94,63,62,126,88,105,104,123,17,89,112" hai1="98,46,121,23,42,71,134,25,122,41,54,11,124" hai2="128,12,18,113,40,49,45,132,79,135,72,99,125" hai3="30,68,115,51,43,76,22,7,35,84,9,82,75"/><W2/><G68/><T15/><D32/><U28/><E71/><V108/><F113/><W61/><G115/><T114/><D123/><U101/><E134/><V106/><F108/><W97/><G97/><T20/><D126/><U118/><E124/><V133/><F125/><W127/><G127/><T10/><D89/><U53/><E118/><V111/><F111/><W100/><G100/><T14/><D63/><U81/><E121/><V96/><F128/><W107/><G107/><T64/><D104/><U57/><E122/><V48/><F106/><W77/><G61/><T55/><D64/><U93/><E11/><V52/><F79/><W65/><G65/><T86/><REACH who="0" step="1"/><D105/><REACH who="0" ten="325,87,341,237" step="2"/><U129/><E129/><V33/><F33/><W5/><G35/><T6/><AGARI ba="0,1" hai="6,10,14,15,17,20,55,58,62,86,88,94,112,114" machi="6" ten="30,8000,1" yaku="1,1,2,1,0,1,52,1,54,1,53,0" doraHai="50" doraHaiUra="78" who="0" fromWho="0" sc="325,90,87,-20,341,-20,237,-40" /><INIT seed="4,0,0,0,5,75" ten="415,67,321,197" oya="0" hai0="104,125,130,86,39,108,52,100,127,129,36,120,48" hai1="17,107,110,96,13,43,31,122,93,76,50,37,8" hai2="11,9,1,123,121,115,58,15,71,10,131,30,132" hai3="97,103,33,53,18,69,73,70,25,46,101,57,29"/><T88/><D104/><U79/><E110/><V106/><F71/><W47/><G101/><T111/><D100/><U65/><E122/><V99/><F106/><W126/><G70/><T74/><D74/><U90/><E107/><V54/><F99/><W105/><G69/><T44/><D120/><U128/><E37/><N who="0" m="14409" /><D86/><U14/><E128/><N who="0" m="49257" /><D88/><N who="1" m="55335" /><E65/><V95/><F131/><W98/><G126/><AGARI ba="0,0" hai="44,48,52,108,111,125,126,127" m="49257,14409" machi="126" ten="40,12000,1" yaku="18,1,19,1,34,2,54,1" doraHai="75" who="0" fromWho="3" sc="415,120,67,0,321,0,197,-120" /><INIT seed="4,1,0,5,5,26" ten="535,67,321,77" oya="0" hai0="64,66,102,45,56,31,81,110,128,109,85,63,16" hai1="65,125,61,91,131,74,76,119,117,94,34,53,21" hai2="38,8,99,84,24,19,32,3,75,47,79,83,30" hai3="20,50,59,115,29,28,78,4,118,123,6,90,18"/><T86/><D128/><U46/><E34/><V9/><F9/><W36/><G118/><T113/><D102/><U58/><E131/><V72/><F99/><W54/><G115/><T40/><D66/><U120/><E120/><V89/><F79/><W14/><G123/><T7/><D7/><U104/><E125/><V106/><F106/><W49/><G36/><T101/><D101/><U69/><E104/><V41/><F19/><W68/><G68/><T11/><D113/><U55/><E46/><V82/><REACH who="2" step="1"/><F83/><REACH who="2" ten="535,67,311,77" step="2"/><W43/><G78/><T67/><D81/><U12/><E76/><V108/><F108/><W135/><G135/><T57/><D16/><U112/><E112/><V95/><F95/><W126/><G126/><T42/><D11/><U87/><E119/><V96/><F96/><W77/><G77/><T0/><D109/><U93/><E117/><V127/><F127/><W5/><G90/><T71/><D110/><U107/><E107/><V60/><F60/><W25/><G14/><T44/><D63/><N who="1" m="40127" /><E74/><V51/><F51/><W37/><G37/><T124/><D124/><U100/><E93/><V116/><F116/><W10/><G10/><T13/><D71/><U23/><E100/><V22/><F22/><W129/><G129/><T2/><D13/><U97/><E12/><V103/><F103/><W134/><G134/><T88/><D88/><U52/><E97/><V121/><F121/><W35/><G35/><T105/><D105/><U62/><E62/><V48/><F48/><W27/><G27/><T132/><D132/><U133/><E133/><V33/><F33/><RYUUKYOKU ba="1,1" sc="535,0,67,0,311,0,77,0" hai0="0,2,31,40,42,44,45,56,57,64,67,85,86" hai1="21,23,52,53,55,58,61,87,91,94" hai2="3,8,24,30,32,38,41,47,72,75,82,84,89" hai3="4,5,6,18,20,25,28,29,43,49,50,54,59" /><INIT seed="4,2,1,2,0,55" ten="535,67,311,77" oya="0" hai0="122,93,58,50,135,44,95,72,41,62,132,35,24" hai1="112,10,70,23,68,76,43,15,5,75,30,128,88" hai2="105,116,86,121,83,27,47,34,133,110,79,106,6" hai3="11,49,1,0,89,39,54,92,2,124,9,114,4"/><T73/><D122/><U3/><E128/><V32/><F110/><W28/><G39/><T56/><D35/><U22/><E112/><V52/><F121/><W59/><G124/><T103/><D24/><U82/><E43/><V104/><F133/><N who="0" m="51274" /><D62/><U134/><E134/><V108/><F108/><W51/><G114/><T101/><D93/><U126/><E126/><V19/><F6/><W7/><G28/><T61/><D61/><U69/><E88/><V13/><F27/><W14/><REACH who="3" step="1"/><G49/><REACH who="3" ten="535,67,311,67" step="2"/><T36/><D36/><U81/><E30/><V16/><F116/><W127/><G127/><T120/><D120/><U63/><E81/><V20/><REACH who="2" step="1"/><F19/><REACH who="2" ten="535,67,301,67" step="2"/><W131/><G131/><T31/><D31/><U125/><E125/><V111/><F111/><W18/><G18/><T45/><D50/><AGARI ba="2,3" hai="13,16,20,32,34,47,50,52,79,83,86,104,105,106" machi="50" ten="40,8000,1" yaku="1,1,54,2,53,1" doraHai="55" doraHaiUra="46" who="2" fromWho="0" sc="535,-86,67,0,301,116,67,0" /><INIT seed="5,0,0,4,0,60" ten="449,67,417,67" oya="1" hai0="129,74,70,23,67,52,44,118,11,73,94,1,43" hai1="31,58,20,111,81,100,123,51,85,64,49,105,3" hai2="37,22,121,19,15,29,110,78,68,54,12,124,107" hai3="97,88,120,115,24,38,122,126,55,69,92,28,8"/><U86/><E123/><V90/><F110/><W5/><G38/><T13/><D1/><U83/><E3/><V2/><F121/><W32/><G115/><T45/><D118/><U114/><E114/><V113/><F2/><W25/><G126/><T77/><D129/><U80/><E111/><V50/><F37/><W117/><G117/><T76/><D23/><U0/><E0/><V106/><F68/><W40/><G40/><T47/><D94/><U133/><E133/><V89/><F124/><W96/><G69/><T104/><D104/><U130/><E130/><V66/><F29/><W63/><G25/><T112/><D112/><U109/><E109/><V35/><F35/><W135/><G135/><T102/><D102/><U62/><E100/><V87/><F78/><W7/><G97/><T46/><D73/><U116/><E105/><V56/><F89/><W108/><G108/><T48/><D74/><U10/><E10/><V34/><F34/><W79/><G79/><T33/><D33/><U65/><E116/><V101/><F12/><W71/><G7/><T91/><D91/><U21/><E65/><V61/><F101/><W18/><G5/><T125/><D125/><U132/><E132/><V42/><F42/><W30/><G120/><T131/><D43/><U95/><E95/><N who="2" m="54751" /><F113/><W119/><G119/><T53/><D131/><U41/><E41/><V26/><F107/><W99/><G122/><T39/><D39/><U17/><E31/><V16/><F106/><W72/><G92/><T75/><D75/><U59/><E17/><N who="2" m="10559" /><F26/><W84/><G28/><T4/><D53/><RYUUKYOKU ba="0,0" sc="449,15,67,-15,417,15,67,-15" hai0="4,11,13,44,45,46,47,48,52,67,70,76,77" hai2="16,19,50,54,56,61,66" /><INIT seed="6,1,0,2,2,113" ten="464,52,432,52" oya="2" hai0="8,121,12,74,103,132,108,66,55,72,111,105,101" hai1="130,85,92,13,76,10,115,31,102,78,63,107,94" hai2="71,120,29,36,84,88,59,9,19,58,68,28,4" hai3="42,125,14,54,16,39,47,93,45,7,81,118,1"/><V70/><F120/><W90/><G81/><T2/><D2/><U3/><E3/><V40/><F19/><W89/><G125/><T22/><D66/><U114/><E130/><V82/><F36/><W11/><G90/><T112/><D22/><U65/><E31/><V15/><REACH who="2" step="1"/><F40/><REACH who="2" ten="464,52,422,52" step="2"/><W51/><G39/><T126/><D121/><U122/><E122/><V64/><F64/><W131/><G42/><T98/><D126/><U117/><E115/><V91/><F91/><W25/><G131/><T62/><D112/><U129/><E114/><V20/><F20/><W24/><G47/><T123/><D123/><U99/><E129/><V49/><F49/><W134/><G134/><T56/><D132/><U77/><E65/><V27/><F27/><W124/><G124/><T48/><D48/><U18/><E63/><V17/><F17/><W61/><G61/><T110/><REACH who="0" step="1"/><D103/><REACH who="0" ten="454,52,422,52" step="2"/><U60/><E60/><V75/><F75/><W79/><G25/><T32/><D32/><U109/><E102/><V21/><F21/><W43/><G24/><T73/><D73/><U52/><E10/><V87/><F87/><W26/><G26/><T86/><D86/><U135/><E85/><V30/><AGARI ba="1,2" hai="4,9,15,28,29,30,58,59,68,70,71,82,84,88" machi="30" ten="40,7800,0" yaku="1,1,0,1,54,1,53,0" doraHai="113" doraHaiUra="34" who="2" fromWho="2" sc="454,-27,52,-27,422,101,52,-27" /><INIT seed="6,2,0,4,1,0" ten="427,25,523,25" oya="2" hai0="89,77,18,59,68,109,88,106,42,70,133,60,20" hai1="39,50,55,23,111,119,27,94,71,37,84,14,54" hai2="66,40,31,113,86,79,38,53,10,63,57,65,21" hai3="73,72,74,98,135,97,91,75,118,69,83,64,15"/><V107/><F107/><W131/><G118/><T3/><D3/><U4/><E111/><V76/><F113/><W121/><G121/><T85/><D106/><U96/><E71/><V90/><F38/><W30/><G30/><T45/><D109/><U19/><E119/><V93/><F40/><W11/><G11/><T99/><D133/><U128/><E128/><V34/><F34/><W108/><G108/><T95/><D77/><N who="2" m="29770" /><F10/><W115/><G15/><T32/><D32/><U134/><E134/><V110/><F110/><W46/><G135/><T123/><D123/><U41/><E39/><V82/><F82/><W80/><G131/><T22/><D22/><U61/><E37/><V28/><F21/><W8/><G8/><T130/><D130/><U26/><E41/><V127/><F127/><W7/><G73/><T9/><D9/><N who="1" m="4391" /><E23/><V102/><F102/><W47/><G75/><T13/><D45/><N who="1" m="27983" /><E19/><V124/><F124/><W78/><G78/><T2/><D42/><U5/><E5/><V112/><F112/><W62/><G69/><T51/><D2/><U25/><E25/><V116/><F116/><W129/><G129/><T1/><D1/><U103/><E84/><V36/><F36/><W114/><G7/><T67/><REACH who="0" step="1"/><D51/><REACH who="0" ten="417,25,523,25" step="2"/><U100/><E27/><V49/><F49/><W43/><G43/><T44/><D44/><U92/><E26/><V24/><F24/><W87/><G115/><T33/><D33/><U52/><E61/><V29/><AGARI ba="2,1" hai="28,29,31,53,57,63,65,66,86,90,93" m="29770" machi="29" ten="30,1500,0" yaku="8,1" doraHai="0" who="2" fromWho="2" sc="417,-7,25,-7,523,31,25,-7" /><INIT seed="6,3,0,0,0,45" ten="410,18,554,18" oya="2" hai0="81,13,78,8,102,117,57,11,61,25,44,58,16" hai1="80,79,75,74,50,21,135,3,35,41,53,103,101" hai2="121,26,14,5,7,39,19,66,55,22,33,99,9" hai3="52,133,29,68,20,87,23,32,71,1,116,128,110"/><V123/><F39/><W40/><G116/><T51/><D117/><U24/><E35/><V56/><F66/><W122/><G122/><T88/><D102/><U124/><E74/><V42/><F42/><W90/><G110/><T86/><D25/><U129/><E3/><V109/><F109/><W84/><G1/><T4/><D78/><U77/><E124/><V89/><F5/><W47/><G32/><T119/><D119/><U54/><E129/><V107/><F33/><W28/><G128/><T113/><D113/><U130/><E135/><V63/><F107/><W95/><G133/><T96/><D96/><U98/><E130/><V76/><F76/><N who="1" m="29257" /><E75/><V65/><F65/><W64/><G52/><N who="1" m="20074" /><E80/><V92/><AGARI ba="3,0" hai="7,9,14,19,22,26,55,56,63,89,92,99,121,123" machi="92" ten="30,6000,0" yaku="0,1,25,2" doraHai="45" who="2" fromWho="2" sc="410,-23,18,-23,554,69,18,-23" owari="387,19.0,-5,-41.0,623,73.0,-5,-51.0" /></mjloggm>