<mjloggm ver="2.3"><GO type="169" lobby="0"/><UN n0="%E8%8C%B6%E8%89%B2%E3%81%AE%E3%82%A2%E3%83%AC" n1="%41%6D%61%79%62%65" n2="%E3%83%95%E3%82%AF%E3%83%80%E3%83%B3%E3%83%81%E3%83%A7" n3="%E5%9D%8A%E3%82%84%E3%81%A1%E3%81%A4" dan="16,16,17,16" rate="2161.77,2084.10,2169.38,2068.07" sx="M,M,M,M"/><TAIKYOKU oya="0"/><INIT seed="0,0,0,2,2,66" ten="250,250,250,250" oya="0" hai0="8,52,29,11,54,76,101,61,7,18,106,70,65" hai1="89,107,88,1,59,122,37,2,83,15,16,77,86" hai2="131,28,30,14,24,51,69,57,45,10,102,22,99" hai3="97,6,124,82,42,120,118,36,104,98,119,27,95"/><T64/><D29/><U0/><E122/><V67/><F131/><W130/><G6/><T134/><D134/><U38/><E107/><V39/><F39/><W56/><G130/><T116/><D116/><U93/><E59/><V75/><F75/><W21/><G124/><T43/><D43/><U78/><E89/><V129/><F129/><W62/><G120/><T128/><D128/><U41/><E41/><V80/><F80/><W4/><G4/><T20/><D76/><U135/><E77/><V123/><F123/><W115/><G82/><T47/><D64/><U109/><E109/><V40/><F30/><W55/><G115/><T33/><D33/><U108/><E135/><V87/><F87/><W68/><G68/><T48/><D54/><U74/><REACH who="1" step="1"/><E108/><REACH who="1" ten="250,240,250,250" step="2"/><V46/><F57/><W105/><G105/><T17/><D106/><U63/><E63/><V90/><F90/><W125/><G104/><T71/><D101/><U132/><E132/><V3/><F102/><W92/><G42/><T44/><D44/><U9/><AGARI ba="0,1" hai="0,1,2,9,15,16,37,38,74,78,83,86,88,93" machi="9" ten="30,8000,1" yaku="1,1,0,1,54,2,53,1" doraHai="66" doraHaiUra="91" who="1" fromWho="1" sc="250,-40,240,90,250,-20,250,-20" /><INIT seed="1,0,0,4,5,123" ten="210,330,230,230" oya="1" hai0="97,70,55,84,113,30,17,121,56,74,9,96,112" hai1="24,32,73,54,29,58,39,72,41,45,61,104,46" hai2="119,22,49,68,128,5,63,71,59,89,8,111,19" hai3="134,87,3,114,34,85,25,75,115,95,76,26,15"/><U77/><E104/><V117/><F128/><W66/><G3/><T120/><D70/><U20/><E77/><V109/><F49/><W118/><G118/><N who="2" m="45065" /><F89/><W93/><G34/><T21/><D74/><U62/><E32/><V78/><F78/><W116/><G76/><T57/><D9/><U90/><E90/><V126/><F59/><W102/><G116/><T37/><D30/><U135/><E135/><V98/><F63/><W35/><G35/><T132/><D37/><U108/><E108/><N who="2" m="41547" /><F98/><W80/><G80/><T12/><D56/><U60/><E46/><V4/><F126/><W40/><G134/><T47/><D47/><U69/><E60/><V86/><F86/><W14/><G40/><T33/><D33/><U92/><E92/><V44/><F44/><W31/><G75/><T130/><D130/><U99/><E99/><V2/><F4/><W42/><G42/><T0/><D132/><U27/><E62/><V100/><F100/><W107/><G102/><T131/><D131/><U50/><REACH who="1" step="1"/><E27/><AGARI ba="0,0" hai="2,5,8,19,22,27,68,71" m="41547,45065" machi="27" ten="30,7700,0" yaku="14,1,52,3" doraHai="123" who="2" fromWho="1" sc="210,0,330,-77,230,77,230,0" /><INIT seed="2,0,0,1,3,30" ten="210,253,307,230" oya="2" hai0="51,26,41,101,17,119,35,19,69,86,33,122,105" hai1="20,112,103,90,54,84,131,34,91,94,59,106,126" hai2="28,63,43,68,116,44,21,96,125,99,115,62,9" hai3="76,129,72,120,109,58,18,98,121,108,0,57,32"/><V73/><F116/><W128/><G0/><T88/><D122/><N who="3" m="47209" /><G98/><T24/><D69/><U6/><E112/><V40/><F115/><W80/><G18/><T55/><D41/><U114/><E114/><V135/><F73/><W13/><G13/><T81/><D119/><U36/><E36/><V53/><F125/><W130/><G32/><T93/><D105/><U25/><E131/><V102/><F135/><W3/><G3/><T22/><D26/><U127/><E6/><V100/><F9/><W37/><G37/><T78/><D101/><N who="2" m="39018" /><F68/><W52/><G58/><T50/><D19/><U85/><E106/><V49/><F96/><W134/><G134/><T111/><D111/><U39/><E103/><V110/><F110/><W29/><G29/><T48/><REACH who="0" step="1"/><D55/><REACH who="0" ten="200,253,307,230" step="2"/><U79/><E126/><V67/><F67/><W31/><G31/><T95/><D95/><U75/><E127/><V82/><F43/><W60/><AGARI ba="0,1" hai="52,57,60,72,76,80,108,109,128,129,130" m="47209" machi="60" ten="40,2700,0" yaku="19,1,54,1" doraHai="30" who="3" fromWho="3" sc="200,-7,253,-7,307,-13,230,37" /><INIT seed="3,0,0,0,5,107" ten="193,246,294,267" oya="3" hai0="27,38,119,117,3,78,128,105,50,113,16,123,56" hai1="135,47,108,71,106,72,77,87,133,95,134,48,80" hai2="63,41,110,112,2,10,0,120,37,58,40,33,97" hai3="81,66,131,61,1,22,116,79,130,86,129,30,43"/><W62/><G116/><T28/><D105/><U99/><E71/><V19/><F33/><W65/><G1/><T67/><D123/><U118/><E118/><V20/><F112/><W21/><G43/><T132/><D3/><U76/><E48/><V89/><F110/><W9/><G9/><T85/><D38/><U115/><E47/><N who="2" m="23951" /><F10/><W44/><G44/><T98/><D98/><U5/><E5/><V75/><F75/><W103/><G103/><T74/><D85/><U45/><E45/><V14/><F41/><W64/><REACH who="3" step="1"/><G30/><REACH who="3" ten="193,246,294,257" step="2"/><T35/><D28/><U39/><E39/><V52/><F0/><W31/><G31/><T121/><D117/><U59/><E115/><V88/><F2/><W23/><AGARI ba="0,1" hai="21,22,23,61,62,64,65,66,79,81,86,129,130,131" machi="23" ten="40,12000,1" yaku="1,1,0,1,29,2,19,1,53,0" doraHai="107" doraHaiUra="13" who="3" fromWho="3" sc="193,-40,246,-40,294,-40,257,130" /><INIT seed="3,1,0,5,1,25" ten="153,206,254,387" oya="3" hai0="130,117,98,50,15,125,6,28,74,27,5,73,79" hai1="46,7,44,134,107,113,132,14,45,24,52,108,61" hai2="2,133,129,57,36,127,55,106,47,70,92,58,88" hai3="0,83,32,109,93,101,110,121,13,96,126,11,122"/><W90/><G32/><T19/><D117/><U63/><E107/><V10/><F106/><W30/><G30/><T42/><D130/><U120/><E120/><V115/><F70/><W41/><G41/><T4/><D125/><U56/><E7/><V59/><F115/><W78/><G0/><T64/><D64/><U105/><E105/><V99/><F133/><N who="1" m="51305" /><E14/><V29/><F29/><W67/><G67/><T69/><D69/><U40/><E24/><V33/><F33/><W75/><G126/><T100/><D79/><U80/><E80/><V123/><F127/><W62/><G62/><N who="1" m="23562" /><E108/><N who="3" m="41578" /><G101/><T97/><D50/><N who="1" m="30743" /><E113/><V124/><F124/><W34/><G34/><T77/><D42/><AGARI ba="1,0" hai="40,42,44,45,46" m="30743,23562,51305" machi="42" ten="40,8000,1" yaku="20,1,34,2,54,1" doraHai="25" who="1" fromWho="0" sc="153,-83,206,83,254,0,387,0" /><INIT seed="4,0,0,4,0,101" ten="70,289,254,387" oya="0" hai0="106,43,90,56,111,91,13,96,98,133,32,88,74" hai1="61,59,93,82,79,41,77,127,121,126,124,70,103" hai2="128,18,108,80,53,89,36,72,114,67,57,54,123" hai3="69,44,87,117,104,60,122,7,35,26,24,21,31"/><T9/><D32/><U0/><E0/><V134/><F108/><W107/><G117/><T86/><D111/><U110/><E110/><V8/><F123/><W46/><G7/><T58/><D133/><U55/><E121/><V33/><F33/><W11/><G11/><T6/><D74/><U48/><E82/><V83/><F128/><W71/><G87/><T28/><D28/><U84/><E84/><V19/><F36/><W99/><G122/><T131/><D131/><U5/><E5/><V135/><F114/><W29/><G99/><T47/><D86/><U34/><E34/><V27/><F27/><W45/><REACH who="3" step="1"/><G60/><REACH who="3" ten="70,289,254,377" step="2"/><T16/><D6/><U81/><E124/><V17/><F8/><W94/><G94/><T97/><REACH who="0" step="1"/><D106/><AGARI ba="0,1" hai="21,24,26,29,31,35,44,45,46,69,71,104,106,107" machi="106" ten="40,8000,1" yaku="1,1,52,3,53,0" doraHai="101" doraHaiUra="132" who="3" fromWho="0" sc="70,-80,289,0,254,0,377,90" owari="-10,-51.0,289,9.0,254,-15.0,467,57.0" /></mjloggm>