<mjloggm ver="2.3"><GO type="169" lobby="0"/><UN n0="%77%73%62%61" n1="%7A%61%7A%61%7A%61%7A%61" n2="%E9%9B%AA%E4%B8%B8" n3="%68%69%6B%61%72%75%32%32" dan="16,18,16,16" rate="2104.73,2214.02,2040.68,2066.86" sx="M,M,M,M"/><TAIKYOKU oya="0"/><INIT seed="0,0,0,1,4,66" ten="250,250,250,250" oya="0" hai0="105,80,69,13,115,84,35,14,37,42,113,73,9" hai1="44,97,6,22,36,46,124,28,135,16,47,75,99" hai2="130,64,33,109,10,92,102,133,11,100,0,125,90" hai3="32,31,87,67,19,91,49,121,132,122,76,106,74"/><T61/><D105/><U12/><E135/><V27/><F133/><W55/><G132/><T131/><D35/><U62/><E124/><V8/><F0/><W93/><G106/><T45/><D73/><U107/><E75/><V88/><F125/><W123/><G67/><T82/><D131/><U77/><E77/><V70/><F109/><W25/><G19/><T134/><D134/><U116/><E116/><V1/><F1/><W57/><G74/><T120/><D120/><U95/><E6/><V119/><F130/><W48/><REACH who="3" step="1"/><G76/><REACH who="3" ten="250,250,250,240" step="2"/><T63/><D113/><U56/><E107/><V5/><F119/><W40/><G40/><T52/><D115/><U24/><E36/><V112/><F112/><W4/><G4/><T85/><D42/><U114/><E114/><V41/><F41/><W3/><G3/><T53/><D37/><U30/><E30/><V39/><F39/><W98/><G98/><T79/><D79/><U43/><E43/><V20/><F5/><W89/><G89/><T117/><D117/><U29/><E99/><V78/><F78/><W71/><G71/><T118/><D118/><U54/><E12/><V26/><F90/><AGARI ba="0,1" hai="16,22,24,28,29,44,46,47,54,56,62,90,95,97" machi="90" ten="40,8000,1" yaku="25,2,8,1,54,1" doraHai="66" who="1" fromWho="2" sc="250,0,250,90,250,-80,240,0" /><INIT seed="1,0,0,5,3,89" ten="250,340,170,240" oya="1" hai0="32,58,108,49,54,37,125,121,44,28,61,4,134" hai1="111,15,45,85,101,132,60,71,80,5,84,43,64" hai2="11,97,88,120,86,42,107,102,63,74,31,6,26" hai3="67,47,131,48,113,115,24,21,50,59,118,76,3"/><U16/><E132/><V95/><F120/><W68/><G3/><T114/><D114/><U25/><E111/><V65/><F74/><W72/><G131/><T35/><D134/><U104/><E5/><V129/><F129/><W73/><G118/><T19/><D121/><U126/><E126/><V0/><F42/><W56/><G68/><T29/><D125/><U75/><E25/><V17/><F17/><W128/><G128/><T110/><D37/><U81/><E101/><V93/><F107/><W53/><G73/><T1/><D32/><U22/><E104/><V135/><F135/><W62/><G76/><T66/><D19/><U112/><E112/><V98/><F86/><W79/><G79/><T9/><REACH who="0" step="1"/><D35/><REACH who="0" ten="240,340,170,240" step="2"/><U69/><E16/><V2/><F31/><AGARI ba="0,1" hai="1,4,9,28,29,31,44,49,54,58,61,66,108,110" machi="31" ten="40,2600,0" yaku="1,1,2,1,53,0" doraHai="89" doraHaiUra="105" who="0" fromWho="2" sc="240,36,340,0,170,-26,240,0" /><INIT seed="2,0,0,1,2,127" ten="276,340,144,240" oya="2" hai0="70,109,39,21,12,36,114,85,35,80,87,1,124" hai1="24,93,60,6,103,133,37,28,65,11,101,50,120" hai2="118,112,94,8,115,97,19,51,5,116,42,66,14" hai3="44,131,119,110,113,82,67,92,4,135,86,64,30"/><V61/><F42/><W56/><G119/><T107/><D114/><U48/><E37/><V74/><F74/><W47/><G110/><T52/><D35/><U121/><E133/><V62/><F62/><W32/><G135/><T90/><D1/><U134/><E134/><V69/><F51/><W33/><G92/><T132/><D132/><U95/><E95/><V45/><F45/><W100/><G100/><T46/><D107/><U38/><E38/><V98/><F98/><W58/><G4/><T29/><D70/><U18/><E18/><V49/><F49/><W73/><G30/><T83/><D124/><U31/><E93/><V88/><REACH who="2" step="1"/><F5/><REACH who="2" ten="276,340,134,240" step="2"/><W26/><G73/><T41/><D39/><U78/><E6/><V22/><F22/><W15/><G47/><T57/><D109/><U123/><E50/><V77/><F77/><W53/><G44/><T122/><D122/><U9/><E48/><V20/><F20/><W34/><G34/><T81/><D85/><U55/><E78/><V84/><F84/><W71/><G86/><T59/><D59/><U76/><E76/><V23/><F23/><W89/><G58/><T40/><D40/><U96/><E96/><V27/><F27/><W17/><G26/><T72/><D72/><U79/><E24/><V91/><F91/><W117/><G33/><T3/><D57/><N who="1" m="34879" /><E79/><V102/><F102/><N who="1" m="38921" /><E65/><V13/><F13/><W111/><G32/><T75/><D75/><U10/><AGARI ba="0,1" hai="9,10,11,28,31,120,121,123" m="38921,34879" machi="10" ten="40,1500,0" yaku="13,1" doraHai="127" who="1" fromWho="1" sc="276,-4,340,25,134,-7,240,-4" /><INIT seed="3,0,0,5,3,15" ten="272,365,127,236" oya="3" hai0="57,50,127,31,111,13,11,30,32,18,17,36,61" hai1="62,79,76,16,71,7,129,91,101,21,89,60,131" hai2="35,39,110,8,29,63,99,117,42,105,25,134,55" hai3="2,70,37,85,66,23,38,33,75,109,95,26,130"/><W83/><G33/><T53/><D36/><U100/><E7/><V87/><F117/><W84/><G2/><T14/><D111/><U6/><E6/><V52/><F110/><W5/><G75/><T46/><D32/><U44/><E44/><V68/><F134/><W113/><G113/><T121/><D127/><U92/><E71/><V77/><F8/><W24/><G109/><T97/><D97/><U80/><E80/><V9/><F9/><W69/><G5/><T125/><D121/><U93/><E21/><V88/><F77/><W43/><G95/><T47/><D47/><U90/><E90/><V56/><F42/><W81/><G23/><N who="0" m="11695" /><D125/><U65/><E65/><AGARI ba="0,0" hai="11,14,18,30,31,46,50,53,57,61,65" m="11695" machi="65" ten="30,3900,0" yaku="8,1,52,2" doraHai="15" who="0" fromWho="1" sc="272,39,365,-39,127,0,236,0" /><INIT seed="4,0,0,5,2,79" ten="311,326,127,236" oya="0" hai0="10,45,100,95,90,27,72,106,88,110,29,2,109" hai1="128,104,8,113,96,82,94,118,85,67,23,115,63" hai2="57,105,32,135,68,129,30,36,80,66,60,73,126" hai3="86,114,31,59,24,119,40,62,41,122,84,25,89"/><T121/><D121/><U116/><E8/><V49/><F129/><W47/><G119/><T134/><D72/><U33/><E33/><V28/><F135/><W83/><G114/><N who="1" m="43530" /><E128/><V127/><F36/><W35/><G122/><T6/><D134/><U124/><E124/><V55/><F105/><W52/><G24/><T131/><D131/><U71/><E104/><V92/><F92/><W108/><G108/><N who="0" m="41579" /><D106/><U43/><E23/><V12/><F12/><W58/><G47/><T15/><D2/><U56/><E43/><V21/><F21/><W5/><G5/><T50/><D100/><N who="1" m="60439" /><E56/><V39/><F39/><W111/><G111/><T77/><D77/><AGARI ba="0,0" hai="63,67,71,77,82,85,116,118" m="60439,43530" machi="77" ten="30,3900,0" yaku="15,1,11,1,52,1" doraHai="79" who="1" fromWho="0" sc="311,-39,326,39,127,0,236,0" /><INIT seed="5,0,0,3,1,111" ten="272,365,127,236" oya="1" hai0="105,36,71,30,52,98,20,5,104,29,32,13,77" hai1="129,85,96,25,112,38,125,118,40,89,22,15,93" hai2="110,92,64,74,115,135,68,69,8,116,47,54,4" hai3="12,101,46,122,131,82,86,0,63,33,51,11,42"/><U109/><E118/><V65/><F74/><W50/><G33/><T41/><D71/><N who="2" m="27210" /><F8/><W80/><G122/><T73/><D41/><U66/><E129/><V128/><F92/><W35/><G35/><T99/><D36/><U31/><E125/><V45/><F4/><W21/><G0/><T78/><D32/><U94/><E66/><N who="2" m="25707" /><F110/><W14/><G63/><T117/><D117/><U58/><E15/><V107/><F107/><W34/><G34/><T124/><D20/><U10/><E10/><V120/><F116/><W75/><G75/><T103/><D73/><U48/><E94/><V67/><F120/><W132/><G131/><T26/><D26/><U24/><E96/><V62/><F128/><W56/><G101/><T23/><D23/><U37/><E25/><V61/><F135/><W7/><G132/><T108/><D108/><U100/><E100/><V123/><F123/><W87/><G14/><T39/><D13/><U91/><E91/><V9/><F9/><W126/><G21/><T17/><D5/><U121/><E89/><V57/><F115/><W1/><G1/><T79/><D103/><U106/><E31/><V70/><AGARI ba="0,0" hai="45,47,54,57,61,62,67,70" m="25707,27210" machi="70" ten="30,8000,1" yaku="35,5" doraHai="111" who="2" fromWho="2" sc="272,-20,365,-40,127,80,236,-20" /><INIT seed="6,0,0,3,5,16" ten="252,325,207,216" oya="2" hai0="135,7,121,24,74,115,123,105,122,124,99,82,86" hai1="26,94,101,60,5,113,117,66,38,42,30,59,23" hai2="58,116,10,31,120,104,47,72,37,71,76,108,119" hai3="102,40,32,41,133,8,65,18,118,64,127,85,17"/><V45/><F71/><W81/><G118/><T125/><D7/><U55/><E117/><V29/><F104/><W54/><G32/><T130/><D24/><U88/><E113/><V67/><F120/><W43/><G133/><T87/><D115/><U109/><E109/><V4/><F108/><W13/><G127/><N who="0" m="48715" /><D135/><U114/><E5/><V34/><F31/><W50/><G102/><N who="0" m="62687" /><D130/><U110/><E110/><V111/><F111/><W1/><G18/><T112/><D112/><U57/><E101/><V0/><F34/><W128/><G1/><T36/><D36/><U91/><E91/><V9/><F29/><W3/><G3/><T75/><D86/><U2/><E2/><V28/><F28/><W25/><G25/><T77/><AGARI ba="0,0" hai="74,75,77,82,87,121,122,123" m="62687,48715" machi="77" ten="40,5200,0" yaku="18,1,34,2" doraHai="16" who="0" fromWho="0" sc="252,52,325,-13,207,-26,216,-13" /><INIT seed="7,0,0,5,5,95" ten="304,312,181,203" oya="3" hai0="69,79,80,35,33,30,102,94,100,106,44,28,118" hai1="134,99,89,49,82,20,135,54,31,3,22,104,40" hai2="71,0,11,48,125,50,8,55,23,38,29,18,72" hai3="9,14,37,108,96,92,124,34,15,60,75,2,119"/><W67/><G119/><T41/><D118/><U120/><E3/><V12/><F38/><W113/><G75/><T70/><D94/><N who="1" m="56783" /><E120/><V91/><F71/><W83/><G37/><N who="0" m="21551" /><D100/><U107/><E40/><V47/><F72/><W116/><G113/><T13/><D13/><U105/><E31/><V57/><F125/><W111/><G34/><N who="0" m="12811" /><D30/><U78/><E82/><V68/><F68/><N who="3" m="42087" /><G83/><T74/><D28/><U24/><E24/><V66/><F0/><W88/><G124/><T17/><D17/><U53/><E78/><V58/><F29/><W112/><G112/><T39/><D39/><U26/><E26/><V6/><F6/><N who="3" m="1239" /><G116/><T73/><D73/><U131/><E54/><V64/><F91/><W76/><G76/><T109/><D109/><AGARI ba="0,0" hai="14,15,88,92,96,108,109,111" m="1239,42087" machi="109" ten="30,5800,0" yaku="10,1,52,1,54,1" doraHai="95" who="3" fromWho="0" sc="304,-58,312,0,181,0,203,58" /><INIT seed="7,1,0,3,2,87" ten="246,312,181,261" oya="3" hai0="38,74,90,111,40,82,108,107,41,4,10,132,85" hai1="131,65,72,126,2,76,109,47,27,11,105,57,60" hai2="13,106,116,83,86,12,53,130,24,110,58,31,30" hai3="127,98,21,103,44,32,99,122,6,59,22,55,81"/><W29/><G122/><T42/><D132/><U17/><E109/><V46/><F110/><W56/><G127/><T68/><D68/><U37/><E105/><V35/><F130/><W113/><G113/><T133/><D133/><U114/><E114/><V112/><F112/><W28/><G32/><T16/><D107/><U36/><E131/><V5/><F106/><W79/><G6/><T43/><D74/><U92/><E92/><V7/><F116/><W20/><G44/><T124/><D124/><U9/><E27/><V71/><F71/><W121/><G121/><T64/><D64/><U45/><E17/><V15/><F46/><W119/><G59/><T78/><D78/><U123/><E123/><V75/><F75/><W26/><G29/><T8/><D38/><U93/><E93/><V118/><F30/><W39/><G39/><T49/><D49/><U134/><E134/><V89/><REACH who="2" step="1"/><F118/><REACH who="2" ten="246,312,171,261" step="2"/><W100/><G119/><T96/><D111/><U129/><E129/><V125/><F125/><W69/><G69/><T95/><D108/><U120/><E120/><V51/><AGARI ba="1,1" hai="5,7,12,13,15,24,31,35,51,53,58,83,86,89" machi="51" ten="30,4000,0" yaku="1,1,0,1,52,1,53,0" doraHai="87" doraHaiUra="19" who="2" fromWho="2" sc="246,-11,312,-11,171,53,261,-21" owari="235,-16.0,301,40.0,224,-28.0,240,4.0" /></mjloggm>