<mjloggm ver="2.3"><GO type="169" lobby="0"/><UN n0="%4B%2D%4D%2D%42" n1="%E3%81%B2%E3%81%8B%E3%81%B2%E3%81%8B" n2="%69%54%65%6E%68%6F%75" n3="%E5%90%89%E6%88%90%E5%89%9B" dan="16,16,16,16" rate="2086.90,2137.18,2179.36,2119.86" sx="M,M,M,M"/><TAIKYOKU oya="0"/><INIT seed="0,0,0,3,0,16" ten="250,250,250,250" oya="0" hai0="4,45,13,63,115,128,135,114,53,109,41,124,69" hai1="58,68,20,104,123,132,8,18,99,9,12,38,127" hai2="7,101,21,49,48,6,15,93,61,14,105,125,43" hai3="80,67,129,42,34,102,3,73,78,46,92,33,81"/><T55/><D4/><U2/><E68/><V50/><F105/><W0/><G129/><T31/><D31/><U117/><E117/><V106/><F106/><W51/><G67/><N who="0" m="41215" /><D13/><U5/><E38/><V96/><F125/><W44/><G92/><T110/><D124/><U59/><E132/><V113/><F113/><N who="0" m="43018" /><D128/><U82/><E123/><V119/><F119/><W83/><G102/><T36/><D135/><U11/><E127/><V26/><F61/><W130/><G130/><T40/><D40/><U77/><E9/><V71/><F71/><W133/><G133/><T56/><D56/><U88/><E11/><V24/><F43/><W17/><G17/><T30/><D30/><U100/><REACH who="1" step="1"/><E88/><REACH who="1" ten="250,240,250,250" step="2"/><V39/><F39/><W76/><G78/><T75/><D75/><AGARI ba="0,1" hai="2,5,8,12,18,20,58,59,75,77,82,99,100,104" machi="75" ten="30,7700,0" yaku="1,1,2,1,7,1,52,1,53,0" doraHai="16" doraHaiUra="25" who="1" fromWho="0" sc="250,-77,240,87,250,0,250,0" /><INIT seed="1,0,0,0,5,122" ten="173,327,250,250" oya="1" hai0="110,89,69,64,26,28,119,40,74,4,56,23,113" hai1="102,47,17,114,97,98,43,55,63,51,107,94,135" hai2="126,13,12,60,90,100,35,86,36,34,49,0,101" hai3="18,81,133,68,27,104,1,30,38,91,3,14,44"/><U108/><E114/><V45/><F36/><W52/><G104/><T73/><D113/><U8/><E135/><V125/><F0/><W123/><G68/><T19/><D119/><U61/><E108/><V103/><F60/><W120/><G133/><T121/><D69/><U5/><E17/><V15/><F45/><W71/><G71/><T33/><D121/><U41/><E63/><V7/><F49/><N who="3" m="28711" /><G38/><T24/><D40/><U124/><E61/><V46/><F46/><W9/><G123/><T131/><D56/><U65/><E65/><V39/><F39/><W75/><G75/><T16/><D64/><U116/><E124/><N who="2" m="47723" /><F7/><W53/><G53/><T11/><D131/><U25/><E25/><V111/><F111/><W109/><G109/><T6/><D110/><U96/><E116/><V85/><F90/><W22/><G120/><T112/><D112/><U20/><E20/><V79/><F79/><W76/><G76/><T59/><D59/><U42/><REACH who="1" step="1"/><E107/><REACH who="1" ten="173,317,250,250" step="2"/><V83/><F83/><W95/><G95/><T93/><D19/><U92/><E92/><V77/><F77/><W54/><G81/><T87/><REACH who="0" step="1"/><D6/><REACH who="0" ten="163,317,250,250" step="2"/><U31/><E31/><V134/><F134/><W105/><G30/><T78/><D78/><U84/><E84/><AGARI ba="0,2" hai="12,13,15,34,35,84,85,86,100,101,103" m="47723" machi="84" ten="40,5200,0" yaku="28,2,18,1" doraHai="122" who="2" fromWho="1" sc="163,0,317,-52,250,72,250,0" /><INIT seed="2,0,0,0,3,83" ten="163,265,322,250" oya="2" hai0="41,108,4,87,77,124,28,47,106,37,110,8,7" hai1="95,89,82,112,80,107,35,115,121,126,88,125,25" hai2="133,113,27,9,78,92,76,29,60,117,86,63,85" hai3="73,45,118,34,71,61,91,69,134,16,32,20,79"/><V119/><F113/><N who="1" m="43593" /><E25/><V40/><F40/><W2/><G118/><T62/><D106/><U43/><E35/><V74/><F74/><W31/><G2/><T39/><D124/><N who="1" m="47723" /><E43/><V0/><F133/><W57/><G134/><T55/><D28/><U6/><E6/><V1/><F9/><W75/><G79/><N who="2" m="30249" /><F27/><W81/><G69/><T131/><D131/><U72/><E121/><V129/><F92/><W36/><G71/><T97/><D97/><N who="1" m="57575" /><E107/><V53/><F29/><W114/><G32/><T127/><D39/><U59/><E59/><V94/><F94/><W135/><G31/><T109/><D8/><U56/><E72/><V19/><F53/><W48/><G75/><T100/><D127/><U26/><E26/><V3/><F19/><W30/><G34/><T103/><D7/><U105/><E56/><V46/><F46/><W14/><G45/><T116/><D4/><U22/><E22/><V42/><F42/><W102/><G20/><T13/><D47/><U64/><E64/><V98/><F129/><W58/><G114/><T132/><D132/><U50/><E50/><V44/><F44/><W23/><G48/><T122/><D41/><U101/><E89/><V54/><F54/><W52/><G73/><T104/><D37/><U90/><E90/><V51/><F51/><W128/><G91/><T67/><D55/><U68/><E68/><V130/><F130/><W12/><G128/><T10/><D122/><U96/><AGARI ba="0,0" hai="80,82,96,101,105" m="57575,47723,43593" machi="96" ten="40,8000,1" yaku="18,1,34,2,54,1" doraHai="83" who="1" fromWho="1" sc="163,-20,265,80,322,-40,250,-20" /><INIT seed="3,0,0,5,5,44" ten="143,345,282,230" oya="3" hai0="125,60,58,112,32,29,101,25,27,40,49,50,77" hai1="12,68,97,45,134,34,56,57,79,84,132,78,108" hai2="115,113,123,13,111,62,43,54,55,21,76,121,106" hai3="133,90,127,89,122,64,72,99,23,59,114,42,124"/><W16/><G122/><N who="2" m="46601" /><F106/><W52/><G114/><N who="2" m="43529" /><F76/><W119/><G119/><T130/><D112/><U91/><E34/><V28/><F28/><W14/><G72/><T8/><D40/><U81/><E68/><V46/><F21/><W66/><G42/><T96/><D125/><N who="3" m="48201" /><G133/><T4/><D130/><U110/><E56/><N who="2" m="35095" /><F13/><W129/><G129/><T71/><D27/><U5/><E57/><V48/><F43/><W9/><G23/><T102/><D77/><U47/><E5/><V104/><F104/><W10/><G10/><T98/><D71/><U94/><E12/><V3/><F3/><W74/><G74/><T22/><D32/><U6/><E6/><V131/><F111/><N who="1" m="42537" /><E79/><V85/><F85/><W2/><G2/><T86/><D86/><U135/><AGARI ba="0,0" hai="45,47,78,81,84,91,94,97,132,134,135" m="42537" machi="135" ten="40,2700,0" yaku="20,1,14,1" doraHai="44" who="1" fromWho="1" sc="143,-7,345,27,282,-7,230,-13" /><INIT seed="4,0,0,3,4,56" ten="136,372,275,217" oya="0" hai0="19,28,63,13,23,68,102,101,103,50,15,105,79" hai1="120,75,108,107,114,94,65,41,39,111,54,81,42" hai2="64,69,58,104,134,46,30,77,26,48,67,118,99" hai3="7,83,40,112,16,45,78,110,84,80,55,95,36"/><T4/><D105/><U82/><E107/><V128/><F134/><W11/><G110/><T35/><D79/><U27/><E65/><V86/><F128/><W44/><G112/><T18/><D4/><U96/><E120/><V135/><F135/><W51/><G83/><T98/><D35/><U10/><E54/><V100/><F118/><W115/><G115/><T122/><D122/><U37/><E27/><V60/><F67/><W24/><G95/><T106/><D28/><U90/><E10/><V17/><F17/><W92/><G92/><T88/><D50/><U124/><E94/><V129/><F129/><W33/><G33/><T29/><D29/><U12/><E12/><V5/><F5/><W31/><G31/><T25/><D25/><U76/><E124/><V14/><F14/><W72/><G24/><T53/><D88/><U8/><E90/><V74/><F58/><W131/><G131/><T125/><D125/><U127/><E76/><V126/><F126/><W9/><G16/><T109/><D109/><U62/><E127/><V38/><F38/><W49/><G36/><T22/><REACH who="0" step="1"/><D53/><REACH who="0" ten="126,372,275,217" step="2"/><U47/><E111/><V61/><F77/><W91/><G91/><T93/><D93/><U59/><E108/><V133/><F26/><W52/><G55/><T66/><AGARI ba="0,1" hai="13,15,18,19,22,23,63,66,68,98,101,102,103,106" machi="66" ten="30,11700,0" yaku="1,1,0,1,9,1,52,1,53,0" doraHai="56" doraHaiUra="89" who="0" fromWho="0" sc="126,127,372,-39,275,-39,217,-39" /><INIT seed="4,1,0,4,5,121" ten="253,333,236,178" oya="0" hai0="3,5,17,26,48,132,103,53,108,80,96,7,98" hai1="12,15,73,60,127,13,24,0,36,37,4,101,95" hai2="45,114,91,55,21,49,134,22,112,102,6,111,84" hai3="65,90,62,119,9,129,87,122,20,14,16,94,58"/><T52/><D3/><U135/><E73/><V29/><F102/><W39/><G39/><T51/><D132/><U32/><E0/><V97/><F97/><W67/><G122/><T10/><D108/><U61/><E4/><N who="0" m="1609" /><D80/><U113/><E135/><V88/><F134/><W125/><G125/><T18/><D103/><U25/><E32/><V59/><F6/><W82/><G129/><T115/><D115/><N who="2" m="44074" /><F45/><W44/><G119/><T93/><D26/><U72/><E72/><V75/><F75/><W1/><G1/><T110/><D110/><U130/><E25/><N who="2" m="16559" /><F22/><W109/><G109/><T92/><D10/><U126/><E24/><V123/><F123/><W107/><G107/><T116/><D98/><N who="1" m="59615" /><E113/><V105/><F105/><W19/><G44/><N who="0" m="27655" /><D116/><U66/><E37/><V79/><F111/><W56/><G82/><AGARI ba="1,0" hai="49,55,59,79,82,84,88,91" m="16559,44074" machi="82" ten="30,2000,0" yaku="15,1,54,1" doraHai="121" who="2" fromWho="3" sc="253,0,333,0,236,23,178,-23" /><INIT seed="5,0,0,3,4,65" ten="253,333,259,155" oya="1" hai0="75,41,80,122,97,0,57,62,113,70,133,10,94" hai1="56,11,34,25,87,130,55,107,67,128,16,12,66" hai2="21,49,84,108,131,44,93,24,78,129,32,109,2" hai3="42,115,6,103,48,89,114,98,77,71,117,132,30"/><U26/><E107/><V1/><F32/><W85/><G77/><T46/><D113/><U60/><E87/><V82/><F93/><W123/><G123/><T104/><D133/><U39/><E39/><V3/><F49/><W111/><G111/><T101/><D57/><U69/><E67/><V63/><F63/><W59/><G30/><T7/><D94/><U43/><E43/><V40/><F44/><W64/><G6/><T81/><D122/><U90/><E90/><V52/><F52/><W88/><G132/><T74/><D81/><U5/><E34/><V18/><REACH who="2" step="1"/><F40/><REACH who="2" ten="253,333,249,155" step="2"/><W33/><G42/><T20/><D80/><U91/><E55/><V118/><F118/><W15/><G117/><T100/><D46/><U13/><E56/><V61/><F61/><W29/><G33/><T17/><D41/><U110/><E110/><AGARI ba="0,1" hai="1,2,3,18,21,24,78,82,84,108,109,110,129,131" machi="110" ten="50,1600,0" yaku="1,1,53,0" doraHai="65" doraHaiUra="95" who="2" fromWho="1" sc="253,0,333,-16,249,26,155,0" /><INIT seed="6,0,0,4,1,89" ten="253,317,275,155" oya="2" hai0="82,90,102,57,52,132,15,121,94,134,117,1,109" hai1="59,100,9,33,112,104,65,0,75,122,78,47,68" hai2="58,125,130,36,50,93,12,29,40,4,51,27,24" hai3="128,92,86,46,73,88,28,17,80,5,74,6,14"/><V99/><F130/><W37/><G128/><T60/><D109/><U3/><E59/><V110/><F125/><W87/><G74/><T56/><D121/><U111/><E111/><V79/><F110/><W62/><G73/><T54/><D1/><U76/><E76/><V129/><F129/><W7/><G37/><T133/><D117/><U69/><E47/><N who="2" m="25959" /><F36/><W83/><G28/><T48/><D15/><U20/><E20/><V61/><F51/><W120/><G120/><T42/><D42/><U38/><E38/><V131/><F29/><W97/><G46/><T119/><D119/><U101/><E101/><N who="2" m="60655" /><F79/><W64/><G83/><T32/><D32/><U66/><E33/><V72/><F72/><W85/><G80/><T123/><D123/><U21/><E78/><V44/><F44/><W124/><G124/><T106/><D82/><U95/><E75/><V43/><F43/><W105/><G105/><T55/><D102/><U8/><E100/><V31/><F31/><W25/><G25/><T114/><D106/><U22/><E104/><V19/><F4/><W45/><G45/><T135/><D135/><U84/><E122/><V11/><F131/><W23/><REACH who="3" step="1"/><G6/><REACH who="3" ten="253,317,275,145" step="2"/><T35/><D35/><U108/><E108/><V113/><F113/><W26/><G26/><T71/><D114/><U67/><E112/><V98/><F27/><W77/><G77/><T103/><D133/><U118/><E118/><V41/><F24/><W13/><G13/><T81/><D132/><U63/><E0/><V127/><F127/><W96/><G96/><N who="0" m="59799" /><D134/><U126/><E126/><V2/><F2/><RYUUKYOKU ba="0,1" sc="253,-10,317,-10,275,-10,145,30" hai3="5,7,14,17,23,62,64,85,86,87,88,92,97" /><INIT seed="7,1,1,2,4,86" ten="243,307,265,175" oya="3" hai0="51,73,98,126,23,66,129,4,94,112,113,93,33" hai1="92,17,104,41,130,25,53,101,56,6,27,38,45" hai2="89,70,131,54,103,102,105,97,24,32,52,111,100" hai3="39,20,87,77,115,99,34,125,121,63,55,72,68"/><W10/><G121/><T12/><D33/><U67/><E130/><V16/><F111/><W15/><G34/><T135/><D73/><U1/><E104/><V47/><F70/><W74/><G39/><T127/><D135/><U30/><E67/><V36/><F131/><W49/><G125/><N who="0" m="47627" /><D129/><U29/><E6/><V91/><F32/><W79/><G115/><N who="0" m="44107" /><D66/><U132/><E132/><V84/><F36/><W64/><G99/><T7/><D51/><U107/><E107/><V85/><F97/><W110/><G110/><T37/><D37/><U119/><E101/><V120/><F120/><W80/><G20/><T19/><D94/><U134/><E92/><N who="2" m="54311" /><F47/><W2/><G2/><T88/><AGARI ba="1,1" hai="4,7,12,19,23,88,93,98" m="44107,47627" machi="88" ten="30,8000,1" yaku="18,1,15,1,11,1,52,1,54,1" doraHai="86" who="0" fromWho="0" sc="243,93,307,-21,265,-21,175,-41" owari="336,44.0,286,9.0,244,-16.0,134,-37.0" /></mjloggm>