<mjloggm ver="2.3"><GO type="169" lobby="0"/><UN n0="%E5%8F%A4%E5%8F%82%E5%B8%AB%E5%8C%A0" n1="%E4%B9%9D%E5%B0%BE%E3%83%AA%E3%82%B3%E3%83%8D" n2="%7A%65%52%6F" n3="%43%52%41%5A%59%42%45%45" dan="16,16,17,17" rate="2171.80,2081.07,2198.58,2142.49" sx="M,M,M,F"/><TAIKYOKU oya="0"/><INIT seed="0,0,0,1,1,14" ten="250,250,250,250" oya="0" hai0="75,84,98,11,0,69,91,103,29,94,49,135,15" hai1="71,60,34,97,86,78,23,12,63,74,9,21,81" hai2="56,53,110,36,102,18,82,39,89,32,73,70,67" hai3="5,46,99,38,115,66,79,119,51,42,111,22,126"/><T28/><D69/><U131/><E131/><V33/><F102/><W105/><G115/><T83/><D0/><U128/><E128/><V8/><F67/><W116/><G111/><T43/><D135/><U68/><E34/><V85/><F70/><W59/><G126/><T47/><REACH who="0" step="1"/><D75/><REACH who="0" ten="240,250,250,250" step="2"/><U101/><E74/><V114/><F73/><W17/><G116/><T31/><D31/><U27/><E68/><V127/><F114/><W41/><G119/><T77/><D77/><U30/><E71/><V100/><F127/><W112/><G79/><T24/><D24/><U65/><E65/><V50/><F110/><W121/><G112/><T54/><D54/><U104/><REACH who="1" step="1"/><E23/><REACH who="1" ten="240,240,250,250" step="2"/><V130/><F130/><W3/><G22/><T52/><D52/><U134/><E134/><V61/><F33/><W44/><G66/><T72/><D72/><U37/><E37/><V64/><F32/><W6/><G38/><T19/><AGARI ba="0,2" hai="11,15,19,28,29,43,47,49,83,84,91,94,98,103" machi="19" ten="20,18000,2" yaku="1,1,0,1,7,1,8,1,52,1,53,1" doraHai="14" doraHaiUra="96" who="0" fromWho="0" sc="240,200,240,-60,250,-60,250,-60" /><INIT seed="0,1,0,4,5,60" ten="440,180,190,190" oya="0" hai0="123,75,109,45,82,70,53,78,8,68,81,6,47" hai1="83,76,90,59,102,106,129,117,80,54,122,37,120" hai2="18,125,74,48,55,4,0,104,134,2,52,110,113" hai3="116,72,20,101,7,85,77,126,29,127,79,28,43"/><T112/><D123/><U84/><E37/><V40/><F113/><W58/><G116/><T130/><D112/><U89/><E117/><V12/><F104/><W5/><G72/><T128/><D109/><U118/><E118/><V1/><F74/><W115/><G115/><T3/><D82/><U87/><E129/><N who="0" m="49769" /><D53/><U62/><REACH who="1" step="1"/><E76/><REACH who="1" ten="440,170,190,190" step="2"/><V10/><F110/><W132/><G79/><T67/><D70/><U26/><E26/><V64/><F1/><W39/><G77/><T66/><D68/><U23/><E23/><V94/><F0/><W95/><G20/><T11/><D8/><U99/><AGARI ba="1,1" hai="54,59,62,80,83,84,87,89,90,99,102,106,120,122" machi="99" ten="30,4000,0" yaku="1,1,0,1,9,1,53,0" doraHai="60" doraHaiUra="69" who="1" fromWho="1" sc="440,-21,170,53,190,-11,190,-11" /><INIT seed="1,0,0,1,4,60" ten="419,223,179,179" oya="1" hai0="122,51,99,20,76,130,79,83,113,57,52,114,59" hai1="23,32,129,125,65,97,31,92,15,94,66,82,19" hai2="39,21,98,13,48,54,0,49,111,104,73,2,102" hai3="10,24,22,4,14,17,109,35,50,30,33,42,18"/><U121/><E121/><V71/><F39/><W6/><G42/><T34/><D34/><N who="3" m="12809" /><G50/><T112/><D122/><U45/><E129/><V62/><F73/><W29/><G109/><T67/><D130/><U84/><E125/><V108/><F13/><W127/><G127/><T89/><D20/><U41/><E31/><AGARI ba="0,0" hai="4,6,10,14,17,18,22,24,29,30,31" m="12809" machi="31" ten="30,8000,1" yaku="35,5" doraHai="60" who="3" fromWho="1" sc="419,0,223,-80,179,0,179,80" /><INIT seed="2,0,0,4,3,2" ten="419,143,179,259" oya="2" hai0="70,34,71,33,93,19,82,72,79,64,94,36,122" hai1="134,10,78,13,115,66,8,15,86,109,81,5,61" hai2="88,73,100,89,26,75,135,128,47,25,38,129,90" hai3="59,108,107,126,125,133,85,32,118,6,77,37,24"/><V57/><F100/><W127/><G118/><T9/><D122/><U83/><E109/><V92/><F92/><W96/><G108/><T74/><D19/><U16/><E134/><V80/><F57/><W42/><G133/><T124/><D124/><U60/><E115/><V102/><F102/><N who="3" m="62919" /><G59/><T120/><D120/><U40/><E40/><V4/><F135/><W103/><G103/><T23/><D23/><U99/><E99/><V48/><F38/><W52/><G52/><T21/><D21/><U69/><E61/><V55/><F80/><N who="3" m="47247" /><G6/><T106/><D36/><U53/><E53/><V84/><F84/><W110/><G110/><T1/><D1/><U41/><E41/><V44/><F4/><W28/><G42/><T132/><D132/><U22/><E22/><V54/><REACH who="2" step="1"/><F90/><REACH who="2" ten="419,143,169,259" step="2"/><W119/><G119/><T43/><D106/><U39/><E39/><AGARI ba="0,1" hai="24,28,32,37,39,125,126,127" m="47247,62919" machi="39" ten="30,1000,0" yaku="18,1" doraHai="2" who="3" fromWho="1" sc="419,0,143,-10,169,0,259,20" /><INIT seed="3,0,0,5,2,47" ten="419,133,169,279" oya="3" hai0="14,65,113,98,69,93,123,116,97,80,129,41,3" hai1="62,108,35,135,95,126,81,31,53,100,44,33,109" hai2="99,121,46,134,7,70,61,106,74,68,20,90,52" hai3="58,4,91,25,75,24,16,27,6,21,87,32,78"/><W71/><G71/><T118/><D123/><U127/><E81/><V132/><F74/><W60/><G75/><T119/><D3/><U84/><E84/><V26/><F7/><N who="3" m="2603" /><G78/><T42/><D129/><U13/><E95/><V122/><F90/><W103/><G32/><T125/><D125/><U11/><E100/><V45/><F99/><W111/><G111/><N who="1" m="42570" /><E44/><N who="2" m="17003" /><F106/><W131/><G103/><T128/><D128/><U5/><E62/><V101/><F20/><W28/><G28/><T10/><D80/><U23/><E53/><V83/><F26/><W18/><G21/><T130/><D130/><U120/><E135/><N who="2" m="51755" /><F83/><N who="3" m="49663" /><G131/><T82/><D82/><U39/><E39/><V51/><F101/><W72/><G72/><T79/><D79/><U8/><E8/><V34/><F34/><N who="1" m="12809" /><E120/><N who="2" m="46187" /><F61/><W76/><G76/><T112/><D10/><U49/><E49/><V57/><AGARI ba="0,0" hai="51,52,57,68,70" m="46187,51755,17003" machi="57" ten="40,12000,2" yaku="20,1,13,1,34,2,52,1,54,1" doraHai="47" who="2" fromWho="2" sc="419,-30,133,-30,169,120,279,-60" /><INIT seed="4,0,0,0,0,44" ten="389,103,289,219" oya="0" hai0="107,51,49,60,62,34,47,69,10,108,22,25,2" hai1="88,14,15,54,56,1,21,87,68,30,82,119,20" hai2="28,40,23,80,135,74,43,93,67,94,3,103,70" hai3="77,83,104,65,98,112,116,11,78,42,61,111,118"/><T133/><D107/><U66/><E119/><V84/><F3/><W13/><G111/><T81/><D108/><U16/><E1/><V114/><F74/><W50/><G112/><T122/><D122/><U127/><E127/><V95/><F114/><W17/><G77/><T100/><D100/><U8/><E68/><V126/><F135/><W102/><G42/><N who="2" m="15913" /><F70/><W55/><G61/><T72/><D34/><U97/><E66/><V58/><F126/><W115/><G65/><T86/><D72/><U31/><E97/><V57/><F103/><W96/><G96/><T125/><D125/><U105/><E105/><V5/><F5/><W131/><G131/><T9/><D69/><U12/><E21/><V79/><F67/><W18/><G18/><N who="0" m="12503" /><D2/><U36/><E36/><V71/><F71/><W6/><G6/><T53/><D133/><U85/><E85/><V123/><F123/><W63/><G63/><N who="0" m="24107" /><D51/><N who="1" m="30815" /><E8/><V90/><F79/><AGARI ba="0,0" hai="9,10,47,49,53,79,81,86" m="24107,12503" machi="79" ten="30,2900,0" yaku="8,1,52,1" doraHai="44" who="0" fromWho="2" sc="389,29,103,0,289,-29,219,0" /><INIT seed="4,1,0,5,5,87" ten="418,103,260,219" oya="0" hai0="14,46,134,0,110,65,102,5,57,81,71,2,11" hai1="48,35,67,40,119,60,115,44,43,95,29,112,120" hai2="98,15,70,66,45,100,64,63,22,20,75,50,117" hai3="116,73,68,28,96,18,27,59,108,113,24,25,17"/><T37/><D110/><U7/><E7/><V77/><F117/><W34/><G116/><T111/><D111/><U12/><E119/><V135/><F135/><W76/><G108/><T69/><D134/><U23/><E35/><V74/><F66/><W127/><G68/><T58/><D102/><U52/><E120/><V21/><F15/><W88/><G113/><N who="1" m="43594" /><E12/><V83/><F75/><W19/><G127/><T104/><D104/><U132/><E132/><V10/><F10/><W3/><G3/><T32/><D32/><U38/><E38/><V131/><F131/><W47/><G47/><T9/><D37/><U124/><E124/><V130/><F130/><W54/><G76/><T80/><D14/><U94/><E23/><V129/><F129/><W103/><G73/><T8/><D8/><U4/><E29/><V13/><F13/><W121/><G121/><T1/><D1/><U93/><E4/><V125/><F125/><W49/><G103/><T62/><D5/><U41/><E40/><V85/><F74/><W72/><G72/><T106/><D106/><U84/><E84/><V128/><F128/><W118/><G118/><T90/><D2/><U107/><E107/><V51/><REACH who="2" step="1"/><F45/><REACH who="2" ten="418,103,250,219" step="2"/><W39/><G39/><T99/><D46/><U133/><E133/><V42/><F42/><W101/><G34/><T30/><D0/><U109/><E109/><V91/><F91/><W89/><G28/><T97/><D30/><U26/><E26/><V53/><F53/><W92/><AGARI ba="1,1" hai="17,18,19,24,25,27,49,54,59,88,89,92,96,101" machi="92" ten="30,8000,1" yaku="0,1,8,1,52,2,54,1" doraHai="87" who="3" fromWho="3" sc="418,-41,103,-21,250,-21,219,93" /><INIT seed="5,0,0,3,2,55" ten="377,82,229,312" oya="1" hai0="88,111,58,61,87,33,134,50,81,85,53,76,133" hai1="0,35,79,110,108,107,70,71,123,121,116,22,67" hai2="122,13,112,41,100,36,12,47,57,74,32,115,43" hai3="89,75,63,8,117,130,5,37,90,9,69,103,31"/><U39/><E0/><V102/><F122/><N who="1" m="46601" /><E67/><V34/><F74/><W23/><G75/><T92/><D33/><N who="2" m="12906" /><F57/><W91/><G37/><T45/><REACH who="0" step="1"/><D111/><REACH who="0" ten="367,82,229,312" step="2"/><N who="1" m="42539" /><E35/><V135/><F115/><W10/><G117/><T126/><D126/><U19/><E116/><V125/><F112/><W16/><G130/><T99/><D99/><U15/><E39/><V7/><F125/><W65/><G31/><T59/><D59/><U95/><E107/><V25/><F36/><W29/><G29/><T104/><D104/><U60/><E60/><V120/><F120/><W129/><G63/><T109/><D109/><U77/><E95/><V62/><F62/><W11/><G5/><T20/><D20/><U119/><E119/><V17/><F7/><W78/><G23/><T2/><D2/><U98/><E98/><V96/><F96/><W83/><G9/><T30/><D30/><U73/><E73/><V1/><F1/><W4/><G10/><T93/><D93/><U18/><E19/><V101/><F17/><W48/><G16/><T97/><D97/><U68/><AGARI ba="0,1" hai="15,18,22,68,70,71,77,79" m="42539,46601" machi="68" ten="40,2100,0" yaku="10,1" doraHai="55" who="1" fromWho="1" sc="367,-7,82,31,229,-7,312,-7" /><INIT seed="5,1,0,3,2,70" ten="360,113,222,305" oya="1" hai0="133,92,3,31,18,46,49,74,77,20,131,108,22" hai1="129,48,93,87,106,135,56,42,0,62,128,84,72" hai2="51,100,103,1,101,32,97,27,78,29,54,57,7" hai3="55,10,118,124,9,71,105,73,95,6,38,4,44"/><U2/><E72/><V68/><F68/><W65/><G105/><T35/><D108/><U126/><E106/><V37/><F78/><W88/><G73/><T67/><D3/><U123/><E123/><V8/><REACH who="2" step="1"/><F37/><REACH who="2" ten="360,113,212,305" step="2"/><W99/><G38/><T39/><D39/><U24/><E128/><V43/><F43/><W66/><G71/><T34/><D77/><U63/><E129/><V81/><F81/><W119/><G119/><T52/><D131/><U89/><E42/><V25/><F25/><W15/><G118/><T80/><D80/><U102/><E24/><V23/><F23/><W41/><G41/><T36/><D22/><U111/><E111/><V30/><F30/><W85/><G124/><T91/><D20/><U53/><E126/><V112/><F112/><W98/><G10/><T114/><D31/><U122/><E122/><V33/><F33/><W58/><G9/><T116/><D114/><U59/><E135/><V90/><F90/><W19/><G88/><T83/><D34/><U14/><E89/><V113/><F113/><W40/><G40/><T130/><D35/><U11/><E11/><V121/><F121/><W132/><G132/><T117/><D91/><U50/><E102/><V75/><F75/><W125/><G125/><T94/><D133/><U47/><E84/><V107/><AGARI ba="1,1" hai="1,7,8,27,29,32,51,54,57,97,100,101,103,107" machi="107" ten="20,5200,0" yaku="1,1,0,1,7,1,53,1" doraHai="70" doraHaiUra="21" who="2" fromWho="2" sc="360,-14,113,-27,212,65,305,-14" /><INIT seed="6,0,0,0,5,66" ten="346,86,277,291" oya="2" hai0="25,29,46,116,12,74,18,62,132,121,37,106,114" hai1="91,21,40,33,16,41,113,97,89,23,122,36,70" hai2="63,81,102,27,84,7,101,120,10,117,49,22,112" hai3="78,134,61,60,9,103,115,100,35,79,57,119,107"/><V13/><F112/><W34/><G115/><T2/><D46/><U129/><E113/><V14/><F117/><W126/><G119/><T98/><D62/><U128/><E33/><V19/><F120/><W95/><G95/><T93/><D93/><U135/><E135/><V80/><F63/><W48/><G48/><T73/><D98/><U64/><E64/><V17/><F49/><W123/><G9/><T38/><D38/><U83/><E97/><V76/><REACH who="2" step="1"/><F81/><REACH who="2" ten="346,86,267,291" step="2"/><W85/><G123/><T32/><D114/><U96/><E122/><V68/><F68/><W58/><G134/><T3/><D121/><U50/><E50/><V94/><F94/><W28/><G60/><T5/><D132/><U131/><E70/><V92/><F92/><W104/><G61/><T59/><D116/><U26/><E83/><V65/><F65/><W30/><G126/><T53/><D106/><U87/><E96/><V90/><F90/><W39/><G39/><T75/><D37/><U127/><E127/><V130/><F130/><W11/><G104/><T99/><D99/><U55/><E36/><V20/><AGARI ba="0,1" hai="7,10,13,14,17,19,20,22,27,76,80,84,101,102" machi="20" ten="20,18000,2" yaku="1,1,0,1,7,1,8,1,53,2" doraHai="66" doraHaiUra="8" who="2" fromWho="2" sc="346,-60,86,-60,267,190,291,-60" /><INIT seed="6,1,0,2,5,78" ten="286,26,457,231" oya="2" hai0="77,100,61,0,54,75,122,47,114,52,125,74,7" hai1="36,102,135,32,86,131,104,97,82,62,10,34,63" hai2="91,94,76,50,65,8,127,109,108,126,57,45,103" hai3="123,70,68,46,96,112,11,95,71,132,39,98,49"/><V5/><F8/><W28/><G123/><T83/><D122/><U16/><E36/><V134/><F5/><W79/><G39/><T115/><D100/><U120/><E131/><V43/><F76/><W17/><G132/><T106/><D106/><U19/><E135/><V26/><F26/><W22/><G28/><T9/><D125/><N who="2" m="47626" /><F91/><W80/><G11/><T105/><D105/><U38/><E38/><N who="2" m="21751" /><F94/><W41/><G112/><N who="0" m="43051" /><D75/><U87/><E120/><V66/><F103/><W6/><G6/><T73/><D74/><U107/><E102/><V29/><F29/><W56/><G56/><N who="0" m="34951" /><D54/><U27/><E10/><V14/><F14/><W13/><REACH who="3" step="1"/><G95/><REACH who="3" ten="286,26,457,221" step="2"/><T118/><D47/><U48/><E97/><V24/><F134/><W55/><G55/><T3/><D3/><U42/><E42/><V117/><F57/><W23/><G23/><T84/><D73/><AGARI ba="1,1" hai="13,17,22,41,46,49,68,70,71,73,79,80,96,98" machi="73" ten="40,2600,0" yaku="1,1,52,1,53,0" doraHai="78" doraHaiUra="116" who="3" fromWho="0" sc="286,-29,26,0,457,0,221,39" /><INIT seed="7,0,0,2,2,42" ten="257,26,457,260" oya="3" hai0="67,16,89,103,92,125,53,131,76,109,96,3,114" hai1="82,27,17,65,123,112,94,71,135,9,85,72,55" hai2="23,120,87,29,49,113,134,74,2,108,37,7,52" hai3="83,122,57,62,26,132,22,73,8,30,64,80,14"/><W50/><G122/><T104/><BYE who="1" /><D109/><U70/><E70/><V126/><F108/><W105/><G105/><T90/><D3/><U130/><E130/><V4/><F74/><W111/><G111/><T127/><D131/><U1/><E1/><V93/><F37/><W116/><G116/><T56/><D67/><U45/><E45/><N who="2" m="27695" /><F113/><W41/><G132/><T19/><D114/><U88/><E88/><N who="0" m="33897" /><D76/><U0/><E0/><V12/><F2/><W129/><G129/><T106/><D106/><U78/><E78/><V48/><F126/><N who="0" m="48138" /><D104/><U34/><E34/><V110/><F110/><W35/><G35/><T133/><D133/><U75/><E75/><V10/><F48/><AGARI ba="0,0" hai="16,19,48,53,56,92,96,103" m="48138,33897" machi="48" ten="30,3900,0" yaku="18,1,54,2" doraHai="42" who="0" fromWho="2" sc="257,39,26,0,457,-39,260,0" owari="296,10.0,26,-47.0,418,51.0,260,-14.0" /></mjloggm>