<mjloggm ver="2.3"><GO type="169" lobby="0"/><UN n0="%68%7A%63" n1="%74%6F%69%74%6F%69%34" n2="%74%65%6C%6C%40" n3="%E5%8D%98%E7%99%BA%E5%89%8D%E5%85%86%E6%9C%A7%E6%A7%98" dan="16,18,17,16" rate="2132.71,2195.72,2225.20,2049.75" sx="F,F,M,F"/><TAIKYOKU oya="0"/><INIT seed="0,0,0,2,0,54" ten="250,250,250,250" oya="0" hai0="82,86,7,53,117,116,76,25,91,118,79,40,57" hai1="67,75,110,64,128,38,127,6,71,126,28,14,29" hai2="70,58,52,48,122,111,65,74,47,81,129,130,32" hai3="100,9,133,105,78,17,36,72,24,135,96,93,1"/><T134/><D134/><N who="3" m="51209" /><G36/><T51/><D7/><U103/><E38/><V44/><F32/><W20/><G72/><T37/><REACH who="0" step="1"/><D25/><REACH who="0" ten="240,250,250,250" step="2"/><U18/><E6/><V112/><F112/><W92/><G78/><T121/><D121/><U4/><E4/><AGARI ba="0,1" hai="1,4,9,17,20,24,92,93,96,100,105" m="51209" machi="4" ten="30,1000,0" yaku="20,1" doraHai="54" who="3" fromWho="1" sc="240,0,250,-10,250,0,250,20" /><INIT seed="1,0,0,4,3,77" ten="240,240,250,270" oya="1" hai0="135,37,48,78,35,98,92,57,3,108,117,19,80" hai1="17,120,84,59,23,66,20,53,127,90,119,13,85" hai2="87,103,109,123,6,0,122,71,101,27,97,91,111" hai3="28,12,62,79,47,38,16,115,61,76,44,88,69"/><U64/><E119/><V7/><F71/><W74/><G28/><T51/><D108/><N who="2" m="41546" /><F27/><W36/><G69/><T54/><D37/><U94/><E120/><N who="2" m="46123" /><F0/><W22/><G115/><T99/><D35/><U86/><E127/><V126/><F126/><W29/><G74/><T81/><D3/><U56/><E23/><V65/><F65/><W52/><G38/><T131/><D117/><U95/><E59/><V21/><F21/><W45/><G36/><T93/><D131/><U43/><E43/><V26/><F26/><W39/><G39/><T34/><D34/><U14/><E14/><V105/><F101/><W8/><G29/><T116/><D116/><U83/><E95/><AGARI ba="0,0" hai="6,7,87,91,95,97,103,105" m="46123,41546" machi="95" ten="30,1000,0" yaku="14,1" doraHai="77" who="2" fromWho="1" sc="240,0,240,-10,250,10,270,0" /><INIT seed="2,0,0,0,0,8" ten="240,230,260,270" oya="2" hai0="89,34,91,92,125,0,50,41,54,42,131,46,101" hai1="71,83,12,94,88,44,52,87,31,69,51,76,77" hai2="123,111,57,72,93,84,110,127,115,17,80,124,96" hai3="59,116,129,30,62,103,49,126,99,133,6,117,53"/><V16/><F115/><W134/><G30/><T73/><D125/><N who="2" m="48202" /><F123/><W97/><G126/><T135/><D131/><U28/><E77/><N who="2" m="46095" /><F72/><W100/><G129/><T70/><D135/><N who="3" m="51721" /><G6/><T104/><D70/><U75/><E71/><V39/><F57/><W114/><G114/><T74/><D34/><U3/><E3/><V132/><F39/><W36/><G36/><T27/><D27/><U21/><REACH who="1" step="1"/><E69/><REACH who="1" ten="240,220,260,270" step="2"/><V13/><F132/><W9/><G117/><T118/><D0/><U7/><E7/><V1/><F1/><W85/><G116/><T98/><D118/><U24/><E24/><V105/><F105/><W38/><G38/><T108/><D104/><U5/><E5/><V128/><F128/><W63/><G103/><T95/><D101/><U86/><E86/><V23/><F17/><AGARI ba="0,1" hai="12,17,21,28,31,44,51,52,75,76,83,87,88,94" machi="17" ten="40,8000,1" yaku="1,1,52,1,54,2,53,0" doraHai="8" doraHaiUra="61" who="1" fromWho="2" sc="240,0,220,90,260,-80,270,0" /><INIT seed="3,0,0,0,1,46" ten="240,310,180,270" oya="3" hai0="39,4,29,26,58,129,9,76,128,44,27,63,11" hai1="131,17,119,13,102,49,62,12,108,101,103,43,51" hai2="135,113,85,35,8,52,55,7,45,6,125,116,16" hai3="57,37,32,25,67,80,56,86,24,18,134,123,70"/><W74/><G123/><T64/><D76/><U78/><E108/><V33/><F113/><W81/><G37/><T105/><D105/><U122/><E122/><V28/><F116/><W132/><G70/><T65/><D65/><U96/><E119/><V2/><F125/><W31/><G74/><T84/><D84/><U115/><E115/><V133/><F6/><W61/><G57/><T69/><D69/><U36/><E131/><N who="0" m="50249" /><D29/><U47/><E78/><V48/><F85/><W92/><G92/><T99/><D99/><U38/><E38/><V83/><F83/><W21/><REACH who="3" step="1"/><G81/><REACH who="3" ten="240,310,180,260" step="2"/><T121/><D121/><U59/><E36/><V100/><F100/><W77/><AGARI ba="0,1" hai="18,21,24,25,31,32,56,61,67,77,80,86,132,134" machi="77" ten="30,6000,0" yaku="1,1,2,1,0,1,53,0" doraHai="46" doraHaiUra="50" who="3" fromWho="3" sc="240,-20,310,-20,180,-20,260,70" /><INIT seed="3,1,0,5,0,95" ten="220,290,160,330" oya="3" hai0="75,110,32,94,2,30,84,10,29,97,20,33,11" hai1="100,13,60,109,90,89,59,74,38,81,111,104,70" hai2="56,6,23,124,8,25,37,41,17,78,86,116,88" hai3="113,18,101,112,105,72,52,93,3,28,54,68,85"/><W131/><G72/><T36/><D36/><U49/><E70/><V42/><F116/><W22/><G131/><T103/><D75/><U67/><E38/><V127/><F78/><W114/><G28/><N who="0" m="10859" /><D2/><U118/><E118/><V98/><F37/><W47/><G68/><T123/><D33/><U55/><E13/><V121/><F121/><W39/><G3/><T77/><D32/><U126/><E126/><N who="2" m="48171" /><F56/><W73/><G73/><T130/><D123/><U92/><E104/><V15/><F98/><W44/><G105/><T99/><D110/><N who="1" m="41995" /><E100/><V21/><F21/><W19/><G39/><T5/><D5/><U102/><E102/><V12/><F15/><W129/><G101/><T107/><D107/><U132/><E132/><V125/><N who="2" m="48179" /><V57/><DORA hai="14" /><F57/><W106/><G106/><T51/><D99/><U24/><E74/><V65/><F65/><W9/><G114/><T128/><D20/><U120/><E67/><V46/><F46/><N who="3" m="17451" /><G112/><T4/><D4/><U40/><E59/><V0/><F0/><W119/><G119/><T76/><D76/><U16/><E120/><V135/><F135/><W71/><G71/><T64/><D64/><U87/><E90/><V115/><F115/><W66/><G66/><T7/><D7/><U31/><E89/><V43/><F43/><W80/><G113/><T79/><D79/><U34/><E40/><V61/><F61/><W48/><G22/><T45/><D77/><N who="1" m="46511" /><E60/><V96/><F96/><W108/><G108/><T133/><D133/><U27/><E34/><V134/><F134/><W63/><G63/><T50/><D103/><RYUUKYOKU ba="1,0" sc="220,-10,290,-10,160,30,330,-10" hai2="6,8,12,17,23,25,41,42,86,88" /><INIT seed="4,2,0,1,5,36" ten="210,280,190,320" oya="0" hai0="46,39,81,15,21,123,34,48,114,73,56,117,30" hai1="80,58,127,112,5,71,60,47,28,74,8,109,17" hai2="130,31,84,3,111,103,33,113,115,83,57,49,77" hai3="9,96,16,40,76,99,61,66,13,126,93,29,107"/><T87/><D117/><U1/><E109/><V100/><F111/><W86/><G107/><T63/><D123/><U85/><E127/><V97/><F3/><W69/><G29/><T55/><D73/><U128/><E128/><V44/><F130/><W134/><G134/><T4/><D114/><N who="2" m="43530" /><F57/><W52/><G40/><T131/><D131/><U7/><E112/><V35/><F31/><W101/><G99/><T10/><D39/><U67/><E74/><V0/><F0/><W82/><G126/><T25/><D34/><N who="2" m="12810" /><F97/><W22/><REACH who="3" step="1"/><G52/><AGARI ba="2,0" hai="44,49,52,77,83,84,100,103" m="12810,43530" machi="52" ten="30,2000,0" yaku="15,1,54,1" doraHai="36" who="2" fromWho="3" sc="210,0,280,0,190,26,320,-26" /><INIT seed="5,0,0,1,2,23" ten="210,280,216,294" oya="1" hai0="62,46,101,84,71,0,93,113,31,135,56,80,118" hai1="120,104,12,61,106,43,50,100,54,38,53,87,13" hai2="132,88,28,36,133,20,52,110,27,75,65,44,7" hai3="130,94,77,117,95,128,63,127,48,70,90,22,72"/><U29/><E120/><V98/><F110/><W125/><G70/><T105/><D118/><U111/><E111/><V78/><F65/><W122/><G63/><T89/><D0/><U11/><E38/><V116/><F116/><W47/><G117/><T26/><D113/><U34/><E13/><V129/><F7/><W45/><G77/><T81/><D135/><N who="2" m="51786" /><F129/><N who="3" m="49771" /><G72/><T74/><D74/><U8/><E8/><V119/><F119/><W60/><G60/><T51/><D71/><U55/><E61/><V108/><F108/><W37/><G37/><T2/><D2/><U66/><E66/><V102/><F78/><W30/><G122/><T85/><D85/><U123/><E87/><V14/><F14/><W57/><G57/><T10/><D10/><U67/><E67/><V86/><F75/><W33/><G33/><T58/><D105/><U3/><E3/><V109/><F109/><W73/><G73/><T114/><D114/><U24/><E123/><V103/><F98/><N who="3" m="57687" /><G95/><T79/><D79/><U83/><E83/><N who="0" m="31817" /><D62/><U124/><E106/><V41/><F52/><N who="3" m="29711" /><G47/><T9/><D101/><U126/><E100/><V21/><F86/><W82/><G82/><T4/><D4/><U39/><E104/><V115/><F115/><W76/><G76/><T121/><D121/><U49/><E39/><V15/><F88/><W64/><G64/><T40/><D9/><U68/><E68/><V92/><F92/><W19/><G30/><T69/><D69/><U134/><E134/><V42/><F42/><W25/><AGARI ba="0,0" hai="19,22,25,125,127" m="29711,57687,49771" machi="25" ten="30,4000,0" yaku="19,1,52,1,54,1" doraHai="23" who="3" fromWho="3" sc="210,-10,280,-20,216,-10,294,40" /><INIT seed="6,0,0,3,1,11" ten="200,260,206,334" oya="2" hai0="134,37,89,56,85,61,96,47,18,121,106,60,97" hai1="16,124,34,23,82,107,126,114,68,42,50,54,40" hai2="93,72,122,117,91,3,128,119,52,79,8,30,5" hai3="125,129,41,81,108,99,87,105,103,2,132,94,51"/><V86/><F122/><W135/><G2/><T1/><D1/><U55/><E34/><V66/><F128/><W131/><G41/><T100/><D121/><U36/><E107/><V63/><F30/><W20/><G20/><T44/><D134/><N who="3" m="51241" /><G51/><T4/><D4/><U35/><E35/><V70/><REACH who="2" step="1"/><F52/><REACH who="2" ten="200,260,196,334" step="2"/><W133/><G133/><T12/><D61/><U109/><E55/><V64/><F64/><W9/><G108/><T19/><D47/><U49/><E54/><V95/><F95/><W31/><G94/><T83/><D44/><U116/><E109/><V112/><F112/><W76/><G31/><T110/><D110/><U123/><E114/><V6/><F6/><W67/><G67/><T17/><D37/><U53/><E53/><V59/><F59/><W26/><G129/><T90/><D97/><U13/><E36/><V78/><F78/><W0/><G131/><T71/><D71/><U75/><E123/><V48/><F48/><W7/><G125/><T43/><D43/><U104/><E68/><V62/><F62/><W32/><G32/><T80/><D56/><U111/><E50/><V101/><F101/><W113/><G113/><T27/><D60/><U46/><E111/><V102/><F102/><W130/><G130/><T29/><D89/><U33/><E33/><V88/><F88/><W38/><G38/><T98/><D98/><U118/><E42/><V92/><F92/><W14/><G0/><T73/><D83/><AGARI ba="0,1" hai="3,5,8,63,66,70,72,79,83,86,91,93,117,119" machi="83" ten="40,2000,0" yaku="1,1,53,0" doraHai="11" doraHaiUra="10" who="2" fromWho="0" sc="200,-20,260,0,196,30,334,0" /><INIT seed="6,1,0,3,5,105" ten="180,260,226,334" oya="2" hai0="50,11,77,41,84,33,6,55,125,88,5,52,70" hai1="42,119,46,101,20,68,51,66,87,28,118,80,36" hai2="58,120,112,40,83,9,17,61,12,60,110,117,56" hai3="94,14,106,93,47,126,82,3,71,103,21,4,99"/><V19/><F117/><W122/><G122/><T108/><D108/><U76/><E101/><V63/><F120/><W25/><G3/><T24/><D70/><U49/><E49/><V128/><F112/><W79/><G71/><T73/><D125/><U131/><E131/><V116/><F116/><W89/><G47/><N who="0" m="25967" /><D33/><U45/><E28/><V29/><F128/><W123/><G123/><T13/><D73/><U62/><REACH who="1" step="1"/><E20/><REACH who="1" ten="180,250,226,334" step="2"/><V104/><F29/><W72/><G126/><T53/><D24/><U111/><E111/><V10/><F110/><W18/><G25/><T109/><D109/><U27/><E27/><V67/><F63/><W90/><G4/><N who="0" m="3303" /><D77/><U35/><E35/><V91/><F61/><W121/><G121/><T135/><D135/><U86/><E86/><V37/><F60/><W102/><G102/><T43/><D43/><AGARI ba="1,1" hai="36,42,43,45,46,51,62,66,68,76,80,87,118,119" machi="43" ten="30,2000,0" yaku="1,1,7,1,53,0" doraHai="105" doraHaiUra="30" who="1" fromWho="0" sc="180,-23,250,33,226,0,334,0" /><INIT seed="7,0,0,2,5,109" ten="157,283,226,334" oya="3" hai0="130,18,41,59,10,102,9,114,49,122,60,134,25" hai1="6,100,84,91,85,2,127,120,0,119,93,110,135" hai2="52,132,40,1,50,89,31,63,74,133,34,108,92" hai3="57,61,71,111,86,69,36,16,99,15,126,23,80"/><W12/><G36/><T112/><D122/><U82/><E110/><V73/><F108/><W103/><G126/><T95/><D130/><U17/><E120/><V58/><F1/><W75/><G75/><T83/><D134/><N who="2" m="51818" /><F31/><W29/><G29/><T21/><D83/><U78/><E6/><V33/><F40/><W81/><G12/><T55/><D102/><U37/><E37/><V22/><F22/><W65/><G81/><T46/><REACH who="0" step="1"/><D95/><REACH who="0" ten="147,283,226,334" step="2"/><U26/><E135/><V87/><F74/><W77/><G111/><T39/><D39/><U94/><E94/><AGARI ba="0,1" hai="15,16,23,57,61,65,69,71,77,80,86,94,99,103" machi="94" ten="30,2900,0" yaku="7,1,54,1" doraHai="109" who="3" fromWho="1" sc="147,0,283,-29,226,0,334,39" owari="147,-35.0,254,5.0,226,-17.0,373,47.0" /></mjloggm>