<mjloggm ver="2.3"><GO type="169" lobby="0"/><UN n0="%6E%7A%6B" n1="%E3%83%AA%E3%83%84%E3%83%9F%E3%82%B5%E3%83%B3" n2="%E6%B2%B3%E7%AB%A5%E3%81%AE%E3%83%AF%E3%82%AB%E3%83%9E%E3%83%84" n3="%E3%81%8D%E3%82%83%E3%82%8A%E3%83%BC%38%33%38%33" dan="16,18,18,16" rate="2073.73,2241.48,2239.98,2100.27" sx="M,M,M,M"/><TAIKYOKU oya="0"/><INIT seed="0,0,0,4,0,79" ten="250,250,250,250" oya="0" hai0="81,124,32,61,131,126,28,15,3,68,90,59,86" hai1="122,13,103,25,66,46,55,40,121,9,65,64,95" hai2="58,107,129,127,102,117,19,113,75,71,16,128,42" hai3="34,35,4,135,1,69,84,78,23,50,51,87,83"/><T53/><D3/><U97/><E25/><V31/><F71/><W2/><G69/><T37/><D131/><U82/><E55/><V105/><F113/><W125/><G125/><T5/><D37/><U85/><E46/><V47/><F127/><N who="0" m="48682" /><D68/><U52/><E40/><V29/><F58/><W45/><G135/><T12/><D5/><U54/><E121/><V57/><F57/><W39/><G39/><T49/><D61/><U108/><E108/><V27/><F75/><W104/><G4/><T114/><D114/><U98/><E98/><N who="2" m="61655" /><F107/><W62/><G104/><T72/><D72/><U30/><E30/><N who="2" m="11275" /><F27/><AGARI ba="0,0" hai="12,15,27,28,32,49,53,59,81,86,90" m="48682" machi="27" ten="30,2900,0" yaku="18,1,52,1" doraHai="79" who="0" fromWho="2" sc="250,29,250,0,250,-29,250,0" /><INIT seed="0,1,0,4,4,105" ten="279,250,221,250" oya="0" hai0="80,95,124,15,36,111,113,135,63,16,19,57,11" hai1="23,72,131,24,43,6,108,134,22,45,8,3,12" hai2="20,114,67,130,17,55,101,21,30,106,99,86,122" hai3="14,74,87,1,60,82,127,61,38,83,28,31,25"/><T104/><D113/><U85/><E108/><V117/><F114/><W39/><G1/><T9/><D104/><U54/><E131/><V125/><F122/><W35/><G14/><T100/><D124/><U78/><E134/><V121/><F121/><W123/><G123/><T98/><D135/><U88/><E54/><V75/><F130/><W34/><G87/><T13/><D111/><U92/><E12/><V103/><F103/><W119/><G25/><T94/><D36/><N who="1" m="21735" /><E24/><V62/><F30/><W56/><G56/><T65/><D94/><U47/><E47/><V53/><F117/><W2/><G2/><T10/><REACH who="0" step="1"/><D80/><AGARI ba="1,0" hai="3,6,8,22,23,72,78,80,85,88,92" m="21735" machi="80" ten="30,3900,0" yaku="25,1,52,1,54,1" doraHai="105" who="1" fromWho="0" sc="279,-42,250,42,221,0,250,0" /><INIT seed="1,0,0,4,4,95" ten="237,292,221,250" oya="1" hai0="50,36,90,54,47,133,89,62,66,14,37,92,9" hai1="19,43,91,105,87,49,83,122,11,134,6,27,68" hai2="97,40,113,10,127,30,69,58,33,22,12,55,131" hai3="38,85,76,109,75,31,77,99,26,63,129,70,34"/><U80/><E122/><V13/><F131/><W5/><G76/><T86/><D133/><U8/><E68/><V135/><F135/><W100/><G85/><T56/><REACH who="0" step="1"/><D89/><REACH who="0" ten="227,292,221,250" step="2"/><U132/><E134/><V42/><F113/><W111/><G129/><T123/><D123/><U74/><E132/><V24/><F127/><W98/><G77/><T102/><D102/><U78/><E105/><V117/><F117/><W51/><G100/><T53/><D53/><U29/><E6/><AGARI ba="0,1" hai="6,9,14,36,37,47,50,54,56,62,66,86,90,92" machi="6" ten="30,3900,0" yaku="1,1,7,1,53,1" doraHai="95" doraHaiUra="84" who="0" fromWho="1" sc="227,49,292,-39,221,0,250,0" /><INIT seed="2,0,0,2,3,115" ten="276,253,221,250" oya="2" hai0="97,10,104,54,5,7,42,41,18,82,112,22,105" hai1="60,77,88,91,66,102,70,44,52,124,126,3,43" hai2="83,26,117,13,4,58,16,6,122,127,107,12,95" hai3="53,31,1,114,76,15,93,132,86,17,71,39,25"/><V59/><F107/><W47/><G1/><T74/><D112/><U35/><E35/><V32/><F122/><W121/><G71/><T68/><D68/><U62/><E3/><V79/><F127/><N who="1" m="48681" /><E102/><V21/><F95/><W118/><G121/><T90/><D54/><U80/><E62/><V27/><F117/><W51/><G118/><T40/><D5/><N who="2" m="2154" /><F32/><W103/><G39/><T85/><D74/><N who="1" m="43063" /><E52/><V11/><F83/><W128/><G103/><T65/><D97/><U14/><E14/><V81/><F79/><W78/><G76/><T23/><D65/><U89/><E91/><V129/><F81/><W130/><G78/><T120/><D120/><U116/><E116/><V29/><F13/><W94/><G93/><T87/><D87/><U134/><E134/><V37/><F59/><W72/><G132/><T2/><REACH who="0" step="1"/><D22/><REACH who="0" ten="266,253,221,250" step="2"/><U96/><E96/><V119/><F119/><W55/><G55/><T100/><D100/><U45/><E45/><V135/><F135/><W111/><G86/><T69/><D69/><U57/><E70/><V38/><F58/><W8/><G72/><T0/><D0/><U98/><E98/><V36/><F21/><W50/><G53/><T56/><D56/><U113/><E113/><V106/><F106/><W28/><G114/><T123/><D123/><U84/><E84/><V20/><F20/><W33/><G33/><T101/><D101/><U46/><E46/><V67/><F67/><W30/><G47/><T63/><D63/><U133/><E133/><V9/><F9/><W110/><G8/><T109/><D109/><U34/><E34/><RYUUKYOKU ba="0,1" sc="266,15,253,15,221,-15,250,-15" hai0="2,7,10,18,23,40,41,42,82,85,90,104,105" hai1="43,44,57,60,66,88,89" /><INIT seed="3,1,1,4,2,112" ten="281,268,206,235" oya="3" hai0="87,91,46,63,70,0,55,61,109,89,126,74,95" hai1="19,133,42,6,32,98,48,108,47,77,26,94,127" hai2="84,122,80,44,130,29,5,23,28,132,76,33,135" hai3="65,106,118,13,24,54,73,57,41,62,102,12,17"/><W59/><G73/><T97/><D109/><U85/><E108/><V53/><F130/><W124/><G124/><T115/><D0/><U125/><E133/><N who="2" m="51275" /><F122/><W67/><G106/><T93/><D126/><U39/><E6/><V22/><F5/><W11/><G102/><T114/><D74/><U123/><E123/><V107/><F107/><W36/><G36/><T8/><D70/><U104/><E104/><V116/><F116/><W75/><G41/><T111/><D111/><U105/><E105/><V56/><F44/><W92/><G75/><T81/><D8/><U134/><E39/><V21/><F33/><W3/><G118/><T14/><D14/><U90/><E134/><V121/><F121/><W45/><G3/><T43/><D81/><U82/><E32/><V131/><F131/><W40/><G57/><T117/><D117/><U72/><E72/><V34/><F34/><W60/><G92/><T10/><D10/><U50/><E50/><AGARI ba="1,1" hai="21,22,23,28,29,50,53,56,76,80,84" m="51275" machi="50" ten="30,1000,0" yaku="20,1" doraHai="112" who="2" fromWho="1" sc="281,0,268,-13,206,23,235,0" /><INIT seed="4,0,0,4,1,15" ten="281,255,229,235" oya="0" hai0="64,76,81,80,44,12,1,8,134,112,94,122,58" hai1="86,40,126,85,36,96,30,19,117,16,33,128,61" hai2="9,123,77,133,32,130,35,115,23,43,37,92,131" hai3="125,4,70,95,102,48,41,118,83,20,69,114,28"/><T59/><D122/><U105/><E117/><V113/><F123/><W68/><G118/><T129/><D134/><U100/><E126/><V51/><F37/><W103/><G125/><T55/><D112/><N who="2" m="43082" /><F133/><W25/><G4/><T124/><D1/><U31/><E128/><N who="2" m="49195" /><F77/><W24/><G83/><T52/><D129/><U106/><E40/><V26/><F92/><W88/><G114/><T111/><D111/><U3/><E3/><V132/><F132/><W82/><G82/><T107/><D107/><U21/><E33/><V66/><F66/><W10/><G10/><T29/><D124/><U17/><E36/><V0/><F51/><W127/><G25/><T135/><D135/><U108/><E108/><V73/><F73/><W27/><G24/><T109/><D109/><U90/><E106/><V11/><F43/><W71/><G127/><T34/><D94/><U121/><E86/><V98/><F98/><W89/><G89/><T75/><D81/><U50/><E50/><V6/><F9/><W56/><N who="3" m="17408" /><DORA hai="42" /><W18/><G28/><AGARI ba="0,0" hai="0,6,11,23,26,28,32,35" m="49195,43082" machi="28" ten="30,7700,0" yaku="15,1,19,1,34,2" doraHai="15,42" who="2" fromWho="3" sc="281,0,255,0,229,77,235,-77" /><INIT seed="5,0,0,1,2,118" ten="281,255,306,158" oya="1" hai0="88,100,25,123,49,67,128,35,56,42,75,93,24" hai1="15,12,37,124,36,51,134,59,48,119,27,50,44" hai2="28,30,106,98,29,116,4,13,34,101,26,87,40" hai3="17,121,84,91,103,70,132,117,126,133,54,71,105"/><U57/><E119/><V72/><F116/><W6/><G117/><T115/><D115/><U55/><E124/><V80/><F72/><W52/><G6/><T16/><D128/><U58/><E27/><V18/><F40/><W39/><G39/><N who="1" m="14922" /><E12/><V65/><F65/><W122/><G103/><T130/><D130/><U95/><E95/><V53/><F53/><N who="3" m="20587" /><G105/><T102/><D75/><U76/><E15/><V5/><F4/><W8/><G17/><T10/><D35/><U68/><E76/><V3/><F3/><W46/><G46/><N who="0" m="25815" /><D123/><N who="3" m="47113" /><G8/><T9/><D9/><U110/><E110/><V14/><F5/><W32/><G32/><T92/><D92/><U96/><E96/><V11/><REACH who="2" step="1"/><F13/><REACH who="2" ten="281,255,296,158" step="2"/><W129/><G129/><T113/><D113/><U31/><E55/><V83/><F83/><N who="3" m="49567" /><G126/><T108/><D108/><U79/><E44/><V86/><F86/><W61/><G61/><N who="0" m="38311" /><D25/><U23/><E51/><V85/><F85/><W127/><G127/><T2/><D2/><U60/><E50/><V22/><F22/><W111/><G111/><T62/><D62/><U99/><E48/><V81/><F81/><W0/><G0/><T41/><D41/><U89/><E23/><V33/><F33/><W21/><G21/><N who="0" m="13351" /><D10/><U104/><E60/><V135/><F135/><AGARI ba="0,1" hai="70,71,132,133,135" m="49567,47113,20587" machi="135" ten="30,8000,1" yaku="20,1,52,3,54,1" doraHai="118" who="3" fromWho="2" sc="281,0,255,0,296,-80,158,90" /><INIT seed="6,0,0,3,1,124" ten="281,255,216,248" oya="2" hai0="97,24,101,119,56,100,94,79,132,67,91,71,76" hai1="110,23,65,18,113,115,52,98,37,33,6,48,16" hai2="36,105,104,26,61,10,0,103,3,99,90,59,131" hai3="112,106,32,29,5,69,53,14,72,85,49,27,86"/><V38/><F104/><W12/><G72/><T34/><D132/><U57/><E110/><V73/><F73/><W7/><G69/><T127/><D127/><U30/><E37/><V35/><F90/><W44/><G106/><T20/><D34/><U13/><E6/><V47/><F131/><W46/><G112/><N who="1" m="43082" /><E33/><V58/><F10/><W81/><G85/><T42/><D42/><U87/><E65/><V111/><F111/><W17/><G44/><T8/><D8/><U83/><E98/><V128/><F128/><W133/><G12/><T95/><D71/><U11/><E30/><V129/><F129/><W62/><G62/><N who="0" m="38343" /><D119/><U40/><E40/><V122/><F122/><W77/><G133/><T9/><D9/><AGARI ba="0,0" hai="5,7,9,14,17,27,29,32,46,49,53,77,81,86" machi="9" ten="30,1000,0" yaku="7,1" doraHai="124" who="3" fromWho="0" sc="281,-10,255,0,216,0,248,10" /><INIT seed="7,0,0,1,2,56" ten="271,255,216,258" oya="3" hai0="71,120,53,55,62,130,122,88,29,97,111,132,43" hai1="100,58,127,102,19,38,76,50,112,13,115,113,35" hai2="84,33,69,60,135,27,92,79,75,48,82,36,126" hai3="109,51,20,24,32,21,47,104,40,59,95,90,118"/><W106/><G118/><T83/><D111/><U1/><E38/><V96/><F135/><W2/><G2/><T121/><D132/><U46/><E1/><V12/><F126/><W119/><G119/><T28/><D130/><U23/><E35/><V3/><F3/><W37/><G32/><T31/><D43/><U98/><E76/><V45/><F36/><W110/><G21/><T133/><D133/><U78/><E78/><V4/><F75/><W87/><G37/><T49/><D49/><U107/><E102/><V131/><F131/><W114/><G114/><T123/><D123/><U77/><E77/><V80/><F80/><W41/><G40/><T5/><D5/><U8/><E58/><V108/><F108/><N who="3" m="41579" /><G59/><T99/><D83/><U116/><E116/><V66/><F27/><W73/><G73/><T67/><REACH who="0" step="1"/><D88/><REACH who="0" ten="261,255,216,258" step="2"/><U134/><E134/><V94/><F96/><AGARI ba="0,1" hai="28,29,31,53,55,62,67,71,96,97,99,120,121,122" machi="96" ten="50,6400,0" yaku="1,1,2,1,52,1,53,0" doraHai="56" doraHaiUra="0" who="0" fromWho="2" sc="261,74,255,0,216,-64,258,0" owari="335,43.0,255,-14.0,152,-35.0,258,6.0" /></mjloggm>