<mjloggm ver="2.3"><GO type="169" lobby="0"/><UN n0="%E3%82%B9%E3%82%AB%E3%83%BC%E3%83%AC%E3%83%83%E3%83%88" n1="%E5%A0%B4%E6%B3%81%E5%8E%A8" n2="%74%6E%66%73%68%32%30%34" n3="%E3%81%88%E3%81%84%E3%81%8D%E3%81%A1%40%35%6D%66" dan="16,17,18,18" rate="2113.70,2168.76,2229.36,2199.32" sx="M,F,M,M"/><TAIKYOKU oya="0"/><INIT seed="0,0,0,2,0,23" ten="250,250,250,250" oya="0" hai0="27,41,64,29,103,3,66,21,130,107,89,121,112" hai1="59,135,77,110,131,113,124,128,109,56,43,102,51" hai2="95,88,97,122,71,24,82,53,106,55,101,63,99" hai3="1,65,84,92,28,116,117,104,90,96,108,5,34"/><T67/><D112/><U93/><E77/><V123/><F123/><W42/><G108/><N who="1" m="41578" /><E102/><V57/><F122/><W118/><G42/><T60/><D121/><U7/><E93/><V22/><F71/><W115/><G115/><T78/><D3/><U33/><E33/><V111/><F111/><W49/><G49/><T133/><D130/><N who="1" m="49707" /><E7/><V9/><F9/><W30/><G65/><T76/><D133/><U17/><E17/><V79/><F55/><W14/><G1/><T119/><D119/><U69/><E113/><V44/><F44/><W38/><G34/><T12/><D41/><U134/><E69/><V48/><F79/><N who="0" m="30250" /><D107/><U6/><E6/><V75/><F82/><W98/><G104/><T19/><D103/><U72/><E72/><V2/><F2/><W127/><G5/><T70/><D70/><U13/><E13/><V120/><F120/><W83/><G14/><T39/><D39/><U47/><E124/><V50/><F75/><W126/><G38/><T0/><D0/><U26/><E26/><V85/><F85/><W52/><G126/><T68/><D68/><U31/><E31/><AGARI ba="0,0" hai="22,24,31,48,50,53,57,63,88,95,97,99,101,106" machi="31" ten="30,3900,0" yaku="7,1,52,1,54,1" doraHai="23" who="2" fromWho="1" sc="250,0,250,-39,250,39,250,0" /><INIT seed="1,0,0,5,5,123" ten="250,211,289,250" oya="1" hai0="21,95,75,28,70,1,19,86,47,38,102,116,98" hai1="26,71,24,50,63,36,20,91,13,9,16,8,42" hai2="89,29,128,49,68,125,32,11,124,52,93,5,45" hai3="79,106,82,61,101,12,56,99,35,54,133,127,0"/><U6/><E36/><V92/><F68/><W37/><G133/><T78/><D116/><U55/><E42/><V85/><F128/><W60/><G0/><T84/><D1/><U122/><E122/><V18/><F18/><W77/><G127/><N who="2" m="48713" /><F29/><W57/><G35/><T2/><D2/><U96/><E71/><V130/><F130/><W90/><G37/><T39/><D70/><U23/><E63/><V34/><F93/><W22/><G90/><T48/><D28/><U51/><E9/><V25/><F25/><W129/><G129/><T72/><D39/><U94/><REACH who="1" step="1"/><E55/><REACH who="1" ten="250,201,289,250" step="2"/><V111/><F34/><W43/><G43/><T64/><D38/><U46/><E46/><V40/><F32/><W131/><G131/><T30/><D47/><U14/><E14/><N who="2" m="5487" /><F40/><W118/><G12/><T87/><D64/><U7/><E7/><V88/><F89/><W115/><G54/><T108/><D48/><U41/><E41/><V107/><F107/><W66/><G106/><T17/><D78/><U119/><E119/><V112/><F112/><W110/><G115/><T31/><D102/><U15/><E15/><V80/><F92/><N who="3" m="58599" /><G118/><T83/><D95/><U74/><E74/><V100/><F100/><W126/><G126/><T27/><D72/><U73/><E73/><V134/><F52/><N who="3" m="33799" /><G77/><T67/><D75/><U81/><E81/><V58/><F80/><W3/><G3/><T109/><D83/><U114/><E114/><V4/><F45/><W62/><G61/><T76/><D76/><U120/><E120/><V135/><F88/><W65/><G82/><T104/><D104/><RYUUKYOKU ba="0,1" sc="250,-10,201,30,289,-10,250,-10" hai1="6,8,13,16,20,23,24,26,50,51,91,94,96" /><INIT seed="1,1,1,1,1,35" ten="240,231,279,240" oya="1" hai0="50,95,82,42,105,29,127,97,92,53,121,20,109" hai1="83,124,63,52,1,133,4,72,96,117,27,36,89" hai2="17,62,69,132,37,93,128,76,79,66,33,116,28" hai3="129,26,24,31,61,119,57,114,90,102,32,80,56"/><U21/><E117/><V47/><F116/><W99/><G114/><T104/><D109/><U0/><E36/><V103/><F132/><W16/><G119/><T134/><D134/><U130/><E133/><V87/><F128/><W39/><G39/><T22/><D127/><U44/><E4/><V7/><F7/><W106/><G129/><T65/><D121/><U11/><E11/><V18/><F28/><W34/><G34/><T131/><D131/><U88/><E124/><V71/><F71/><W64/><G80/><T108/><D108/><U9/><E9/><V25/><F25/><W85/><G85/><T113/><D113/><U123/><E123/><V100/><F33/><W10/><G90/><T58/><D42/><U77/><E89/><V74/><F87/><W49/><G49/><T91/><D65/><U122/><E122/><V59/><F69/><N who="3" m="42127" /><G26/><T43/><D43/><U14/><E14/><AGARI ba="1,1" hai="10,14,16,24,31,32,56,57,99,102,106" m="42127" machi="14" ten="30,2000,0" yaku="25,1,54,1" doraHai="35" who="3" fromWho="1" sc="240,0,231,-23,279,0,240,33" /><INIT seed="2,0,0,3,3,57" ten="240,208,279,273" oya="2" hai0="89,104,12,14,68,33,67,20,82,28,81,90,9" hai1="75,123,129,106,85,39,97,69,34,25,10,118,0" hai2="13,40,110,30,74,99,8,117,54,48,35,29,11" hai3="127,1,38,101,60,18,103,119,27,26,105,7,108"/><V3/><F117/><W109/><G119/><T121/><D104/><U59/><RYUUKYOKU type="yao9" ba="0,0" sc="240,0,208,0,279,0,273,0" hai1="0,10,25,34,39,59,69,75,85,97,106,118,123,129" /><INIT seed="2,1,0,0,4,65" ten="240,208,279,273" oya="2" hai0="28,23,57,109,106,38,70,5,34,24,135,68,26" hai1="10,37,6,39,95,124,31,60,54,97,47,51,93" hai2="53,129,107,69,84,2,1,101,108,45,27,90,115" hai3="77,63,132,119,43,44,52,81,99,96,110,127,118"/><V33/><F115/><W92/><G110/><T74/><D74/><U100/><E124/><V41/><F108/><W71/><G127/><T66/><D109/><U64/><E93/><V56/><F69/><W85/><G132/><T3/><D38/><U80/><E80/><V55/><F129/><W29/><G29/><T18/><D135/><U25/><E10/><V49/><F33/><W130/><G130/><T87/><D106/><U104/><E6/><V15/><F27/><W79/><G77/><T22/><D87/><U94/><E94/><V35/><F35/><W122/><G122/><T113/><D113/><U121/><E121/><V58/><F15/><W98/><G92/><T126/><D126/><U30/><E30/><V9/><F9/><W48/><REACH who="3" step="1"/><G43/><REACH who="3" ten="240,208,279,263" step="2"/><T67/><D34/><U112/><E112/><V14/><F107/><W131/><G131/><T72/><D72/><U88/><E104/><V82/><F101/><W62/><G62/><T89/><D28/><U117/><E117/><V50/><REACH who="2" step="1"/><F14/><REACH who="2" ten="240,208,269,263" step="2"/><W13/><G13/><T16/><D3/><U36/><E100/><V123/><F123/><W73/><G73/><T76/><D26/><U116/><E116/><V40/><F40/><W19/><G19/><T134/><D16/><U86/><E97/><V91/><F91/><W120/><G120/><T103/><D89/><U59/><REACH who="1" step="1"/><E37/><AGARI ba="1,2" hai="1,2,37,41,45,49,50,53,55,56,58,82,84,90" machi="37" ten="30,11600,0" yaku="1,1,7,1,9,1,53,1" doraHai="65" doraHaiUra="83" who="2" fromWho="1" sc="240,0,208,-119,269,139,263,0" /><INIT seed="2,2,0,2,1,9" ten="240,89,408,263" oya="2" hai0="70,19,69,72,76,121,57,77,41,8,119,74,108" hai1="91,124,16,87,18,83,14,112,67,46,1,48,13" hai2="25,110,10,24,118,71,23,75,38,59,22,88,34" hai3="3,133,31,60,20,47,127,122,129,132,11,94,68"/><V99/><F118/><W114/><G47/><T28/><D121/><U78/><E1/><V116/><F116/><W120/><G94/><T125/><D119/><U33/><E33/><V79/><F71/><W56/><G68/><T58/><D28/><U37/><E37/><V73/><F38/><W6/><G56/><T40/><D8/><N who="1" m="6183" /><E112/><V42/><F42/><W81/><G81/><T53/><D19/><U128/><E128/><V62/><F34/><W97/><G97/><T0/><D0/><U27/><E124/><V103/><F103/><W49/><G49/><T4/><D4/><U98/><E27/><V51/><F51/><W82/><G60/><T90/><D125/><U43/><E67/><V101/><F101/><W36/><G36/><T84/><D108/><U64/><E64/><V130/><F110/><W66/><G66/><T106/><D106/><U61/><E61/><V80/><F62/><W117/><G117/><T93/><D69/><U63/><E63/><V100/><F100/><W5/><G127/><T92/><D70/><U52/><E98/><V7/><F99/><W89/><G129/><T30/><D74/><U45/><E45/><V2/><F75/><W65/><G65/><T17/><D72/><U95/><E43/><V32/><F59/><W107/><G114/><T50/><D58/><U26/><E26/><N who="2" m="10347" /><F130/><W115/><G115/><T15/><D57/><U29/><E29/><V105/><F105/><W113/><G107/><T135/><D30/><U123/><E123/><N who="3" m="47146" /><G31/><T102/><D102/><U21/><E95/><V12/><F73/><W55/><G113/><RYUUKYOKU ba="2,0" sc="240,-10,89,30,408,-10,263,-10" hai1="14,18,21,46,48,52,78,83,87,91" /><INIT seed="3,3,0,4,1,108" ten="230,119,398,253" oya="3" hai0="50,120,79,13,62,132,20,81,54,25,117,128,21" hai1="115,38,116,122,133,80,34,53,126,95,96,67,61" hai2="33,12,47,31,46,127,48,16,74,8,49,29,40" hai3="6,9,43,86,85,101,134,135,59,18,113,36,69"/><W105/><G69/><T68/><D117/><U42/><E34/><V110/><F110/><W131/><G131/><T66/><D120/><U28/><E28/><V56/><F127/><W77/><G18/><T65/><D128/><U63/><E80/><V119/><F119/><W70/><G70/><T89/><D132/><U15/><E116/><V76/><F33/><W84/><G77/><T51/><D66/><U57/><E15/><V72/><F56/><W129/><G129/><T64/><D64/><U97/><E97/><V73/><REACH who="2" step="1"/><F76/><REACH who="2" ten="230,119,388,253" step="2"/><W4/><G59/><T22/><D79/><U30/><E126/><V32/><F32/><W27/><G135/><T44/><D68/><U78/><E78/><V5/><F5/><W124/><G4/><T41/><D44/><U102/><E133/><V45/><F45/><W112/><G6/><T103/><D25/><U83/><E122/><V104/><F104/><W17/><G105/><T88/><D65/><U19/><E67/><V93/><F93/><W109/><G124/><T35/><D35/><U26/><E57/><V125/><F125/><W2/><G109/><T1/><D1/><U118/><E95/><V0/><F0/><W106/><G134/><T123/><D123/><U82/><E118/><V52/><AGARI ba="3,1" hai="8,12,16,29,31,40,46,47,48,49,52,72,73,74" machi="52" ten="30,7900,0" yaku="1,1,0,1,54,2,53,0" doraHai="108" doraHaiUra="3" who="2" fromWho="2" sc="230,-23,119,-23,388,98,253,-42" /><INIT seed="4,0,0,5,0,77" ten="207,96,486,211" oya="0" hai0="71,124,117,111,21,22,126,33,83,17,99,105,66" hai1="19,40,68,44,116,100,73,6,106,60,53,39,113" hai2="128,86,65,37,55,69,14,135,35,93,123,9,127" hai3="20,56,120,59,70,64,13,95,132,7,10,67,74"/><T47/><D117/><U15/><E116/><V3/><F123/><W114/><G114/><T115/><D33/><U97/><E113/><V92/><F35/><W45/><G132/><T52/><D115/><U125/><E125/><N who="0" m="48233" /><D111/><U98/><E73/><V110/><F110/><W32/><G32/><T85/><D71/><U87/><E6/><V1/><F37/><W49/><G74/><T58/><D66/><N who="3" m="25129" /><G70/><T107/><D47/><U54/><E68/><V29/><F135/><W62/><G62/><N who="0" m="36167" /><D99/><U119/><E119/><V18/><F65/><W11/><G59/><T112/><D112/><U38/><E60/><V121/><F55/><W122/><G56/><T43/><D43/><U104/><E87/><V48/><F86/><W96/><G49/><T42/><D42/><U134/><E38/><V79/><F48/><W16/><G45/><T76/><D21/><U26/><E134/><V75/><F69/><W5/><G122/><T30/><D30/><U118/><E118/><V41/><F29/><W51/><G51/><T31/><D31/><U133/><E133/><V27/><F41/><W0/><G120/><T8/><D8/><N who="3" m="3113" /><G0/><T88/><D76/><U28/><E54/><V94/><F9/><W90/><AGARI ba="0,0" hai="5,7,13,16,20,90,95,96" m="3113,25129" machi="90" ten="30,2000,0" yaku="8,1,54,1" doraHai="77" who="3" fromWho="3" sc="207,-10,96,-5,486,-5,211,20" /><INIT seed="5,0,0,5,3,24" ten="197,91,481,231" oya="1" hai0="100,38,11,37,28,60,84,51,66,15,26,95,117" hai1="119,42,58,88,73,33,27,83,6,50,57,126,106" hai2="107,114,17,55,82,105,19,34,21,69,30,133,70" hai3="49,45,10,43,52,1,7,47,87,40,44,125,85"/><U9/><E119/><V16/><F34/><W112/><G112/><T13/><D117/><U14/><E106/><V131/><F114/><W124/><G43/><T4/><D51/><U94/><E126/><N who="3" m="48746" /><G44/><T109/><D109/><U71/><E71/><V118/><F19/><W103/><G103/><T108/><D108/><U122/><E122/><V8/><F8/><W67/><G67/><T31/><D15/><U25/><E73/><V97/><F118/><W35/><G35/><T59/><D84/><U99/><E83/><V123/><F82/><W75/><G75/><T5/><D5/><U65/><E33/><V90/><F21/><W111/><G111/><T81/><D81/><U134/><E134/><V102/><F102/><W56/><G45/><T101/><D101/><U32/><E32/><V74/><F74/><W129/><G129/><T80/><D80/><U79/><E79/><V23/><F107/><W63/><AGARI ba="0,0" hai="1,7,10,40,47,49,52,56,63,85,87" m="48746" machi="63" ten="30,2000,0" yaku="18,1,54,1" doraHai="24" who="3" fromWho="3" sc="197,-5,91,-10,481,-5,231,20" /><INIT seed="6,0,0,3,3,7" ten="192,81,476,251" oya="2" hai0="75,123,26,56,17,59,0,72,115,95,27,80,99" hai1="54,50,40,66,114,70,46,107,77,36,104,97,16" hai2="120,105,132,15,49,29,64,58,6,30,130,61,38" hai3="112,43,28,18,78,131,121,93,67,110,129,96,116"/><V52/><F120/><W20/><G116/><T2/><D123/><U126/><E77/><V91/><F105/><W65/><G110/><T124/><D115/><U86/><E114/><V33/><F132/><W128/><G121/><T23/><D124/><U69/><E126/><V55/><F130/><W87/><G112/><T11/><D27/><U12/><E86/><V127/><F127/><W135/><G135/><T34/><D34/><U4/><E4/><V32/><F38/><W74/><G74/><T92/><D92/><U83/><E83/><V88/><F55/><W109/><G28/><N who="2" m="10857" /><F33/><W53/><G43/><T62/><D56/><U9/><E97/><V41/><F41/><W63/><G109/><T118/><D118/><U57/><E70/><V22/><F22/><W90/><G53/><T42/><D42/><U14/><E14/><V60/><F60/><AGARI ba="0,0" hai="9,12,16,36,40,46,50,54,57,60,66,69,104,107" machi="60" ten="40,8000,1" yaku="24,2,52,1,54,1" doraHai="7" who="1" fromWho="2" sc="192,0,81,80,476,-80,251,0" /><INIT seed="7,0,0,3,1,26" ten="192,161,396,251" oya="3" hai0="2,58,96,110,14,5,86,129,41,103,79,6,68" hai1="117,102,124,0,133,92,34,56,57,118,134,54,99" hai2="109,1,80,77,59,82,121,27,67,125,113,10,108" hai3="32,71,11,107,36,115,29,119,135,90,74,78,20"/><W23/><G90/><T25/><D68/><U48/><E0/><V126/><F113/><W61/><G23/><T76/><D110/><U60/><E34/><V65/><F27/><W123/><G20/><T81/><D2/><U131/><E131/><V89/><F89/><W132/><G11/><T75/><D129/><U69/><E69/><V122/><F59/><W17/><G17/><T38/><D38/><U83/><E83/><N who="2" m="31787" /><F77/><W73/><G123/><N who="2" m="47113" /><F10/><W35/><G78/><T116/><D76/><U50/><E124/><N who="2" m="47723" /><F1/><W104/><G115/><T94/><D79/><U15/><E15/><V87/><F87/><W66/><G71/><T95/><D25/><U44/><E57/><V49/><F49/><W55/><G36/><T62/><D58/><U63/><E50/><V16/><F16/><W97/><G35/><T4/><D14/><U7/><E7/><V22/><F22/><W37/><G32/><T51/><D4/><U8/><E8/><V101/><F101/><W3/><G3/><T47/><D6/><U40/><REACH who="1" step="1"/><E63/><REACH who="1" ten="192,151,396,251" step="2"/><V112/><F112/><W85/><G61/><T30/><D62/><U120/><E120/><V91/><F109/><W13/><G13/><T70/><D5/><U31/><E31/><V130/><F108/><W24/><G29/><T21/><D30/><U43/><E43/><V18/><F18/><W98/><G37/><T39/><D39/><U19/><E19/><V64/><F130/><W52/><G24/><T111/><D41/><U127/><E127/><V84/><F67/><W100/><G66/><T106/><D70/><U72/><E72/><RYUUKYOKU ba="0,1" sc="192,-15,151,15,396,15,251,-15" hai1="40,44,48,54,56,60,92,99,102,117,118,133,134" hai2="64,65,84,91" owari="177,-22.0,166,-33.0,421,51.0,236,4.0" /></mjloggm>