<mjloggm ver="2.3"><GO type="169" lobby="0"/><UN n0="%E6%84%9B%E3%81%A8%E6%AD%A3%E7%BE%A9" n1="%62%69%67%6D%6F%75%74%68" n2="%43%52%41%5A%59%42%45%45" n3="%E3%83%A1%E3%83%B3%E3%83%94%E3%83%B3%E4%B8%89%E8%89%B2%E4%B8%80%E9%80%9A" dan="18,17,17,16" rate="2160.87,2172.20,2146.53,2101.59" sx="F,M,F,M"/><TAIKYOKU oya="0"/><INIT seed="0,0,0,4,3,69" ten="250,250,250,250" oya="0" hai0="33,28,92,133,66,5,32,34,36,71,57,82,12" hai1="42,52,76,100,101,62,13,27,18,111,123,131,95" hai2="60,54,127,22,81,132,107,61,89,19,59,72,24" hai3="103,130,25,21,73,17,53,105,40,116,46,1,39"/><T47/><D71/><U29/><E123/><V2/><F127/><W45/><G116/><T9/><D133/><U129/><E111/><V20/><F132/><W26/><G130/><N who="1" m="49674" /><E76/><V94/><F107/><W91/><G73/><T87/><D92/><U58/><E95/><V85/><F2/><W104/><G1/><T63/><D28/><U64/><E64/><V56/><F72/><W74/><G74/><T37/><REACH who="0" step="1"/><D47/><REACH who="0" ten="240,250,250,250" step="2"/><U15/><E29/><V14/><F94/><W112/><G45/><T7/><D7/><U10/><E27/><V86/><F24/><W79/><G26/><T93/><D93/><U4/><E42/><V67/><REACH who="2" step="1"/><F86/><REACH who="2" ten="240,250,240,250" step="2"/><W135/><G135/><T65/><D65/><U117/><E117/><V51/><F51/><W108/><G25/><T50/><D50/><U125/><E125/><V23/><AGARI ba="0,2" hai="14,19,20,22,23,54,56,59,60,61,67,81,85,89" machi="23" ten="20,5200,0" yaku="1,1,0,1,7,1,8,1,53,0" doraHai="69" doraHaiUra="114" who="2" fromWho="2" sc="240,-26,250,-13,240,72,250,-13" /><INIT seed="1,0,0,5,4,118" ten="214,237,312,237" oya="1" hai0="22,41,53,70,61,93,19,62,16,0,35,36,115" hai1="88,50,133,38,94,37,20,32,105,122,15,107,86" hai2="47,54,131,104,74,59,58,96,119,3,126,103,42" hai3="12,28,2,125,90,14,78,21,5,43,71,130,106"/><U79/><E32/><V84/><F119/><W75/><G71/><T114/><D35/><U10/><E133/><V87/><F74/><W92/><G125/><T68/><D0/><U127/><E127/><V117/><F117/><W6/><G130/><T108/><D108/><U76/><E20/><V98/><F3/><W44/><G106/><T134/><D134/><U55/><E122/><V101/><F126/><W99/><G28/><T24/><D93/><U80/><E79/><V51/><F131/><W26/><G75/><T89/><D89/><U77/><E77/><V31/><F31/><W85/><G2/><T56/><D19/><U120/><E120/><V69/><F69/><W116/><G116/><T23/><D23/><U64/><E64/><V46/><F59/><W100/><G78/><T39/><D70/><U11/><E107/><V60/><F47/><W13/><G44/><T45/><REACH who="0" step="1"/><D36/><REACH who="0" ten="204,237,312,237" step="2"/><U17/><E105/><AGARI ba="0,1" hai="42,46,51,54,58,60,84,87,96,98,101,103,104,105" machi="105" ten="30,2000,0" yaku="7,1,9,1" doraHai="118" who="2" fromWho="1" sc="204,0,237,-20,312,30,237,0" /><INIT seed="2,0,0,2,5,79" ten="204,217,342,237" oya="2" hai0="0,93,107,127,99,41,15,61,42,29,110,22,19" hai1="58,35,49,64,104,121,40,135,12,14,1,117,33" hai2="103,76,126,130,10,101,6,105,65,53,134,23,118" hai3="2,94,16,5,24,8,62,125,67,112,74,43,4"/><V86/><F118/><W21/><G125/><T100/><D110/><U72/><E117/><V81/><F126/><W82/><G112/><T52/><D127/><U78/><E1/><V36/><F36/><W131/><G131/><T123/><D123/><U83/><E104/><V91/><F130/><W122/><G122/><T11/><D107/><U60/><E121/><V20/><F134/><W97/><G43/><T51/><D61/><U96/><E135/><V89/><F65/><W90/><G4/><T73/><D73/><U66/><E66/><V63/><F105/><W113/><G113/><T55/><D55/><U3/><E3/><V18/><F89/><W59/><REACH who="3" step="1"/><G74/><REACH who="3" ten="204,217,342,227" step="2"/><T45/><REACH who="0" step="1"/><D0/><REACH who="0" ten="194,217,342,227" step="2"/><U128/><E128/><V108/><F108/><W7/><G7/><T31/><D31/><U95/><E40/><V77/><F6/><W13/><G13/><T30/><D30/><U120/><E120/><V48/><F18/><W25/><G25/><AGARI ba="0,2" hai="11,15,19,22,25,29,41,42,45,51,52,93,99,100" machi="25" ten="40,5200,0" yaku="1,1,8,1,54,1,53,0" doraHai="79" doraHaiUra="56" who="0" fromWho="3" sc="194,72,217,0,342,0,227,-52" /><INIT seed="3,0,0,5,2,22" ten="266,217,342,175" oya="3" hai0="30,13,45,91,5,41,0,122,19,26,97,3,49" hai1="119,103,67,104,125,60,15,113,68,28,116,20,83" hai2="63,85,35,36,130,78,58,101,55,44,52,43,50" hai3="79,131,11,7,10,64,81,57,110,96,92,72,48"/><W34/><G131/><T71/><D122/><U129/><E113/><V100/><F35/><W127/><G127/><T120/><D120/><U114/><E114/><V42/><F130/><W70/><G110/><T61/><D5/><U40/><E129/><V23/><F23/><W102/><G34/><T27/><D30/><U4/><E125/><V77/><F77/><W12/><G70/><T53/><D0/><U111/><E111/><V32/><F32/><W117/><G117/><T121/><D3/><U82/><E40/><N who="2" m="15403" /><F36/><W1/><G64/><T38/><D71/><U24/><E103/><V84/><F84/><W95/><G57/><N who="0" m="34991" /><D38/><U128/><E104/><V46/><F46/><W29/><G48/><T56/><D56/><U94/><E94/><V18/><F18/><W69/><G69/><T87/><D97/><U37/><E37/><V99/><F99/><W59/><G59/><T133/><D133/><U124/><E124/><V74/><F74/><W54/><G54/><T118/><D118/><N who="1" m="45099" /><E128/><V109/><F109/><W107/><REACH who="3" step="1"/><G29/><REACH who="3" ten="266,217,342,165" step="2"/><T135/><D121/><U80/><E68/><V73/><F55/><W75/><G75/><T9/><D135/><U16/><E67/><N who="2" m="39415" /><F73/><W66/><G66/><T17/><D17/><AGARI ba="0,1" hai="1,7,10,11,12,17,72,79,81,92,95,96,102,107" machi="17" ten="30,2900,0" yaku="1,1,7,1,53,0" doraHai="22" doraHaiUra="115" who="3" fromWho="0" sc="266,-29,217,0,342,0,165,39" /><INIT seed="3,1,0,2,5,110" ten="237,217,342,204" oya="3" hai0="64,46,14,6,98,101,35,37,44,5,135,113,28" hai1="60,31,67,123,25,43,23,53,125,16,19,100,122" hai2="26,21,86,41,48,9,89,47,88,54,95,119,45" hai3="99,92,33,105,49,42,133,78,15,30,120,1,109"/><W0/><G120/><T32/><D135/><U121/><E125/><V107/><F119/><W55/><G109/><T4/><D64/><U12/><E53/><V108/><F108/><W3/><G133/><T8/><D113/><U39/><E100/><V106/><F9/><W82/><G105/><T129/><D129/><U7/><E43/><V56/><F89/><W130/><G42/><T126/><D126/><U57/><E39/><V124/><F124/><W81/><G15/><T80/><D80/><U11/><AGARI ba="1,0" hai="7,11,12,16,19,23,25,31,57,60,67,121,122,123" machi="11" ten="40,2700,0" yaku="0,1,54,1" doraHai="110" who="1" fromWho="1" sc="237,-8,217,30,342,-8,204,-14" /><INIT seed="4,0,0,2,4,70" ten="229,247,334,190" oya="0" hai0="63,80,115,17,0,85,117,78,133,116,95,77,38" hai1="21,86,48,104,14,7,13,129,103,30,56,110,118" hai2="94,130,60,134,37,108,65,49,72,107,101,112,16" hai3="1,132,55,44,12,79,32,3,45,127,128,39,131"/><T92/><D0/><N who="3" m="73" /><G79/><T88/><D115/><U41/><E118/><N who="0" m="45673" /><D17/><U42/><E110/><V126/><F108/><W58/><G12/><T66/><D38/><U46/><E129/><N who="3" m="49738" /><G32/><T100/><D63/><U29/><E104/><V57/><F60/><N who="3" m="35935" /><G127/><T83/><D66/><U119/><E119/><V34/><F65/><W68/><G132/><T10/><D10/><U36/><E103/><V5/><F101/><W6/><G6/><T9/><D9/><U71/><E13/><V124/><F5/><W20/><G68/><T123/><D133/><U111/><E111/><V28/><F34/><W64/><G64/><T89/><D123/><U114/><E114/><V82/><F112/><W69/><G69/><T26/><D26/><U120/><E120/><V99/><F134/><W52/><G20/><T61/><D61/><U62/><E71/><V19/><F130/><W125/><G125/><T98/><D80/><U90/><E7/><V11/><F82/><W25/><G25/><T109/><D109/><U50/><E14/><V81/><F81/><W40/><G44/><T121/><D121/><U4/><E4/><V87/><F124/><W8/><G8/><T31/><D31/><U102/><E30/><V18/><F28/><W43/><G43/><T67/><D67/><N who="1" m="39367" /><E42/><V76/><F126/><W33/><G33/><T35/><D35/><U106/><E29/><V97/><F19/><W54/><AGARI ba="0,0" hai="39,40,45,52,54" m="35935,49738,73" machi="54" ten="40,5200,0" yaku="19,1,52,1,54,1" doraHai="70" who="3" fromWho="3" sc="229,-26,247,-13,334,-13,190,52" /><INIT seed="5,0,0,2,3,13" ten="203,234,321,242" oya="1" hai0="38,26,119,40,81,31,56,57,77,102,135,112,25" hai1="103,72,3,132,63,94,46,128,105,89,99,18,23" hai2="113,58,1,75,39,42,101,124,79,76,86,90,20" hai3="33,53,115,59,120,36,14,45,17,98,64,48,68"/><U87/><E3/><V55/><F1/><W95/><G120/><T15/><D119/><U27/><E72/><V44/><F75/><W88/><G115/><T32/><D112/><U111/><E128/><V131/><F113/><W52/><G33/><T4/><D135/><U96/><E132/><V49/><F131/><W97/><G68/><T60/><D102/><U24/><E111/><V6/><F6/><W30/><G30/><T34/><D40/><U108/><E108/><V127/><F101/><W117/><G117/><T70/><D38/><U80/><E46/><V67/><F67/><W41/><G64/><T110/><D110/><U92/><E99/><V83/><F20/><W69/><G69/><T61/><D70/><U10/><E10/><V129/><F129/><W28/><G28/><T71/><D71/><U82/><E105/><V12/><F12/><W21/><G53/><T133/><D133/><U122/><E122/><V109/><F109/><W22/><G97/><T134/><D134/><U125/><E125/><AGARI ba="0,0" hai="39,42,44,49,55,58,76,79,83,86,90,124,125,127" machi="125" ten="40,1300,0" yaku="18,1" doraHai="13" who="2" fromWho="1" sc="203,0,234,-13,321,13,242,0" /><INIT seed="6,0,0,4,5,47" ten="203,221,334,242" oya="2" hai0="12,110,97,18,50,42,41,120,26,129,65,126,132" hai1="27,49,63,11,88,104,46,36,64,98,95,13,37" hai2="30,38,125,58,39,115,44,17,113,55,9,32,24" hai3="78,53,94,2,7,90,127,111,35,124,85,103,71"/><V112/><F125/><W8/><G111/><T121/><D110/><U108/><E108/><V107/><F107/><W128/><G128/><T131/><D126/><N who="3" m="48169" /><G35/><T100/><D132/><U82/><E27/><V122/><F122/><W79/><G71/><T89/><D65/><U116/><E82/><V62/><F44/><W75/><G75/><T6/><D89/><U48/><E104/><V72/><F72/><W109/><G109/><T74/><D74/><U31/><E116/><V68/><F68/><W84/><G103/><T92/><D6/><U81/><E31/><V73/><F73/><W119/><G119/><T3/><D3/><U15/><E15/><AGARI ba="0,0" hai="9,15,17,24,30,32,38,39,55,58,62,112,113,115" machi="15" ten="40,2000,0" yaku="15,1" doraHai="47" who="2" fromWho="1" sc="203,0,221,-20,334,20,242,0" /><INIT seed="6,1,0,4,2,1" ten="203,201,354,242" oya="2" hai0="32,2,95,61,24,80,0,114,75,126,72,46,107" hai1="127,71,77,45,119,8,125,15,27,3,57,103,52" hai2="40,112,59,23,4,36,42,53,131,120,39,6,134" hai3="129,26,130,49,110,51,128,98,132,34,78,99,28"/><V65/><F120/><W113/><G110/><T122/><D122/><U33/><E119/><V76/><F112/><W133/><G113/><T47/><D107/><U69/><E3/><V92/><F65/><W102/><G78/><T21/><D114/><U83/><E103/><V87/><F36/><W96/><REACH who="3" step="1"/><G102/><REACH who="3" ten="203,201,354,232" step="2"/><T14/><D126/><N who="1" m="48139" /><E45/><V108/><F76/><W101/><G101/><T7/><D46/><U60/><E77/><V74/><F108/><W10/><G10/><T31/><D47/><U48/><E83/><V16/><F131/><W111/><G111/><T115/><D115/><U68/><E8/><V79/><F79/><W19/><G19/><T54/><D80/><U66/><E15/><N who="2" m="9631" /><F134/><AGARI ba="1,1" hai="26,28,34,49,51,96,98,99,128,129,130,132,133,134" machi="134" ten="50,6400,0" yaku="1,1,19,1,20,1,53,0" doraHai="1" doraHaiUra="58" who="3" fromWho="2" sc="203,0,201,0,354,-67,232,77" /><INIT seed="7,0,0,4,1,6" ten="203,201,287,309" oya="3" hai0="58,103,57,26,119,72,80,89,74,82,14,36,23" hai1="98,105,45,1,113,43,48,61,9,83,8,60,3" hai2="76,12,77,121,62,39,41,99,132,53,75,109,123" hai3="118,42,49,55,131,30,135,28,78,112,18,38,115"/><W85/><G118/><T86/><D119/><U22/><E113/><N who="3" m="43594" /><G131/><T37/><D103/><U117/><E117/><V34/><F109/><W122/><G135/><T93/><D14/><U111/><E111/><V56/><F34/><W134/><G134/><T97/><D74/><U91/><E3/><V120/><F132/><W19/><G42/><T128/><D72/><U92/><E105/><V40/><F75/><W65/><G65/><T47/><D37/><U54/><E1/><V69/><F69/><W51/><G122/><T73/><D73/><U35/><E35/><V29/><F29/><N who="3" m="11371" /><G38/><T104/><D36/><U130/><E130/><V108/><F108/><W46/><G49/><T67/><D67/><U59/><E61/><V106/><F39/><W31/><N who="3" m="11379" /><W116/><DORA hai="27" /><G116/><T71/><D128/><U87/><REACH who="1" step="1"/><E22/><REACH who="1" ten="203,191,287,309" step="2"/><V15/><F120/><W66/><G66/><T114/><D23/><U4/><E4/><V127/><F121/><W63/><G63/><T133/><D114/><U21/><E21/><V24/><F62/><W124/><G124/><T5/><D133/><U7/><E7/><V0/><F127/><W20/><G20/><T79/><D5/><U10/><E10/><V125/><F125/><W90/><G78/><AGARI ba="0,1" hai="8,9,43,45,48,54,59,60,78,83,87,91,92,98" machi="78" ten="30,12000,2" yaku="1,1,7,1,8,1,52,2,53,1" doraHai="6,27" doraHaiUra="81,107" who="1" fromWho="3" sc="203,0,191,130,287,0,309,-120" owari="203,-20.0,321,42.0,287,9.0,189,-31.0" /></mjloggm>