<mjloggm ver="2.3"><GO type="169" lobby="0"/><UN n0="%E3%81%BE%E3%81%95%EF%BC%A7" n1="%4E%65%6D%6F" n2="%E3%83%8F%E3%83%B3%E3%82%B5%E3%83%A0%E9%81%8E%E3%81%8E%E3%81%A6" n3="%E9%BB%92%E7%8C%AB%E3%81%AE%E3%83%8E%E3%83%B3" dan="17,16,16,16" rate="2169.32,2083.99,2166.99,2158.03" sx="M,M,F,M"/><TAIKYOKU oya="0"/><INIT seed="0,0,0,4,4,58" ten="250,250,250,250" oya="0" hai0="79,121,45,66,15,18,91,25,97,59,55,100,0" hai1="75,73,72,87,19,24,84,5,130,47,101,118,44" hai2="3,78,108,96,41,1,9,28,43,86,81,127,38" hai3="39,120,123,104,29,36,80,57,82,135,21,33,111"/><T70/><D0/><U116/><E130/><V109/><F127/><W40/><G33/><T2/><D2/><U30/><E101/><V12/><F28/><W128/><G104/><T31/><D121/><N who="3" m="46665" /><G29/><T89/><D79/><U10/><E19/><V115/><F115/><W69/><G21/><T32/><D45/><U68/><E68/><V13/><F96/><W34/><G34/><T114/><D114/><U17/><E17/><V92/><F92/><W27/><G27/><T56/><D56/><U42/><E84/><V119/><F119/><W105/><G105/><T103/><D103/><U23/><E87/><V7/><F1/><W95/><G95/><T60/><D59/><U51/><REACH who="1" step="1"/><E47/><REACH who="1" ten="250,240,250,250" step="2"/><V129/><F129/><W46/><G69/><T122/><D122/><U88/><E88/><V53/><F86/><W49/><G46/><T126/><D89/><U63/><E63/><V107/><F78/><W22/><G128/><T99/><D91/><U20/><E20/><V74/><F81/><W26/><G82/><T133/><D100/><U67/><E67/><V6/><F6/><W117/><G80/><T110/><D66/><U35/><E35/><V16/><F7/><W134/><G22/><N who="0" m="11615" /><D70/><U93/><E93/><V54/><F107/><W131/><G131/><T11/><D32/><U113/><E113/><V90/><F90/><W102/><G102/><T48/><D60/><U77/><E77/><V94/><F94/><W76/><G76/><T65/><D65/><U4/><E4/><V64/><F64/><W112/><G117/><T8/><D97/><U106/><E106/><RYUUKYOKU ba="0,1" sc="250,-10,240,30,250,-10,250,-10" hai1="5,10,23,24,30,42,44,51,72,73,75,116,118" /><INIT seed="1,1,1,1,4,32" ten="240,270,240,240" oya="1" hai0="7,71,79,15,47,48,76,57,44,43,131,101,109" hai1="128,67,106,112,20,16,80,107,94,118,134,34,100" hai2="86,29,45,116,39,129,0,111,4,66,102,135,99" hai3="26,40,30,77,87,81,14,42,72,28,69,36,122"/><U65/><E112/><V114/><F66/><W55/><G122/><T61/><D109/><U19/><E118/><V12/><F86/><W51/><G69/><T120/><D131/><U121/><E121/><V6/><F99/><W113/><G113/><T58/><D120/><U89/><E134/><V97/><F97/><W110/><G110/><T5/><D101/><U74/><E34/><V56/><F56/><W24/><G14/><T31/><D31/><U46/><E19/><V64/><F64/><W108/><G108/><T63/><D15/><U23/><E23/><V78/><F78/><W8/><G8/><T35/><D35/><U2/><E2/><V13/><F102/><W93/><G93/><T83/><D48/><U90/><E128/><V98/><F98/><W18/><G72/><T130/><D130/><U127/><E127/><V126/><F129/><W70/><G70/><T10/><D10/><U25/><E46/><V49/><F39/><W17/><G36/><T68/><REACH who="0" step="1"/><D83/><REACH who="0" ten="230,270,240,240" step="2"/><U59/><E100/><V54/><F111/><W11/><G11/><T21/><D21/><U95/><E80/><V53/><F29/><N who="3" m="11371" /><G26/><T119/><D119/><U92/><E25/><V123/><F123/><W3/><G3/><T88/><D88/><U104/><E20/><V96/><F116/><W27/><G27/><T91/><D91/><U125/><E90/><V124/><F0/><W33/><G33/><T37/><D37/><U133/><E89/><V85/><F96/><W132/><G24/><T41/><AGARI ba="1,2" hai="5,7,41,43,44,47,57,58,61,63,68,71,76,79" machi="41" ten="25,12000,2" yaku="1,1,0,1,22,2,53,2" doraHai="32" doraHaiUra="75" who="0" fromWho="0" sc="230,143,270,-61,240,-31,240,-31" /><INIT seed="2,0,0,2,5,95" ten="373,209,209,209" oya="2" hai0="6,115,7,119,134,127,5,79,103,88,83,20,131" hai1="104,92,101,110,14,133,8,38,120,39,54,98,113" hai2="59,57,46,13,64,100,2,22,118,19,102,10,93" hai3="85,3,94,121,124,80,132,24,47,56,18,105,61"/><V126/><F118/><W33/><G121/><T44/><D115/><U12/><E110/><V11/><F126/><W53/><G105/><T106/><D131/><U117/><E113/><V0/><F46/><W86/><G3/><T52/><D134/><U50/><E133/><V26/><F11/><W74/><G132/><T128/><D128/><U23/><E117/><V96/><F102/><W58/><G74/><T21/><D119/><U99/><E23/><V66/><F59/><W42/><G58/><T90/><D127/><U67/><E67/><V84/><F66/><W112/><G80/><T60/><D103/><U65/><E65/><V41/><F41/><W28/><G124/><T123/><D106/><U37/><E120/><V82/><F57/><W129/><G112/><T62/><D123/><U75/><E75/><V87/><F87/><W77/><G77/><T15/><D79/><U72/><E72/><V111/><F64/><W31/><G129/><T51/><D15/><U32/><E32/><V1/><F111/><W122/><G122/><T9/><D9/><U78/><E78/><V125/><F125/><W17/><G31/><T130/><D130/><U34/><E34/><V48/><F48/><N who="3" m="26743" /><G94/><T4/><D83/><U116/><E8/><V16/><REACH who="2" step="1"/><F2/><REACH who="2" ten="373,209,199,209" step="2"/><W69/><G86/><T55/><D51/><U135/><E116/><V89/><AGARI ba="0,1" hai="0,1,10,13,16,19,22,26,82,84,89,93,96,100" machi="89" ten="20,18000,2" yaku="1,1,2,1,0,1,7,1,52,1,54,1,53,0" doraHai="95" doraHaiUra="45" who="2" fromWho="2" sc="373,-60,209,-60,199,190,209,-60" /><INIT seed="2,1,0,2,5,44" ten="313,149,389,149" oya="2" hai0="100,4,78,106,94,5,77,47,39,11,0,74,88" hai1="62,20,69,82,72,109,14,124,12,115,22,42,99" hai2="119,31,56,134,21,91,98,90,15,1,37,23,129" hai3="66,97,112,57,13,16,58,48,43,114,35,3,81"/><V96/><F37/><W27/><G3/><T86/><D5/><U108/><E115/><N who="3" m="44074" /><G97/><N who="2" m="37481" /><F119/><W110/><G110/><N who="1" m="42602" /><E124/><V103/><F1/><W67/><G81/><N who="0" m="45239" /><D78/><N who="1" m="44359" /><E99/><V80/><F129/><W41/><G27/><T117/><D100/><U26/><E42/><N who="3" m="15882" /><G35/><T75/><D0/><U84/><E84/><V7/><F134/><W25/><G25/><T87/><D117/><U49/><E49/><V60/><F103/><W70/><G70/><T131/><D131/><U107/><E107/><V33/><F33/><W104/><G104/><T65/><D106/><U68/><E22/><V64/><F80/><W130/><G130/><T95/><D95/><U132/><E132/><V93/><F93/><W122/><G122/><T30/><D94/><U127/><E127/><V24/><F23/><N who="3" m="11663" /><G57/><T10/><D39/><U6/><E6/><V54/><F54/><AGARI ba="1,0" hai="48,54,58,66,67" m="11663,15882,44074" machi="54" ten="30,3900,0" yaku="11,1,52,1,54,1" doraHai="44" who="3" fromWho="2" sc="313,0,149,0,389,-42,149,42" /><INIT seed="3,0,0,4,0,74" ten="313,149,347,191" oya="3" hai0="75,118,117,52,11,109,101,88,53,15,82,81,40" hai1="84,95,102,87,62,71,13,126,19,78,124,113,128" hai2="61,36,107,97,49,46,129,6,104,116,93,35,80" hai3="0,50,5,38,10,28,89,76,3,22,42,39,122"/><W4/><G122/><T115/><D109/><U69/><E113/><V20/><F35/><W133/><G133/><T110/><D110/><U114/><E114/><V16/><F116/><W33/><G33/><T9/><D115/><U43/><E128/><V31/><F36/><W30/><G89/><T45/><D101/><U41/><E102/><V98/><F31/><W72/><G50/><T103/><D103/><U68/><E62/><V23/><F23/><W73/><G22/><T44/><D75/><U57/><E57/><V59/><F6/><W86/><G86/><T79/><D88/><U92/><E69/><V8/><F8/><W7/><G7/><T77/><D15/><U32/><E32/><V58/><F58/><W54/><G54/><T111/><D111/><U120/><E13/><V17/><F80/><W67/><G10/><T26/><REACH who="0" step="1"/><D40/><REACH who="0" ten="303,149,347,191" step="2"/><U37/><E120/><V64/><F98/><W63/><G42/><T83/><D83/><U105/><E105/><V21/><F107/><W25/><G72/><T24/><AGARI ba="0,1" hai="9,11,24,26,44,45,52,53,77,79,81,82,117,118" machi="24" ten="25,12000,2" yaku="1,1,0,1,22,2,52,2,54,1,53,0" doraHai="74" doraHaiUra="56" who="0" fromWho="0" sc="303,130,149,-30,347,-30,191,-60" /><INIT seed="4,0,0,5,0,107" ten="433,119,317,131" oya="0" hai0="21,57,33,67,135,43,91,46,69,1,32,53,98" hai1="134,34,78,13,102,17,14,111,129,108,50,42,74" hai2="119,109,92,121,115,51,101,95,75,23,26,130,131" hai3="88,99,127,120,118,89,62,0,56,104,37,16,113"/><T8/><D135/><U2/><E134/><V66/><F109/><W18/><G118/><T61/><D21/><U110/><E129/><N who="2" m="49163" /><F121/><W87/><G120/><T100/><D91/><U128/><E128/><V39/><F39/><W81/><G0/><T103/><D103/><U59/><E34/><V35/><F115/><W114/><G37/><T20/><D20/><U70/><E70/><V15/><F119/><W40/><G40/><T86/><D86/><U31/><E31/><V85/><F66/><W9/><G127/><T48/><D8/><U41/><E2/><V19/><F51/><W126/><G126/><T124/><D1/><U44/><E102/><V55/><F55/><W49/><G49/><T94/><REACH who="0" step="1"/><D124/><REACH who="0" ten="423,119,317,131" step="2"/><U3/><E3/><V36/><F85/><W77/><G9/><T71/><D71/><U106/><E110/><V76/><F101/><W22/><G113/><T73/><D73/><U10/><E74/><V4/><F35/><W47/><G114/><T54/><D54/><U60/><E10/><N who="2" m="4551" /><F36/><AGARI ba="0,1" hai="32,33,36,43,46,48,53,57,61,67,69,94,98,100" machi="36" ten="30,11600,0" yaku="1,1,7,1,24,2,53,0" doraHai="107" doraHaiUra="5" who="0" fromWho="2" sc="423,126,119,0,317,-116,131,0" /><INIT seed="4,1,0,3,3,54" ten="549,119,201,131" oya="0" hai0="118,106,73,84,65,57,67,26,93,9,30,22,94" hai1="77,3,1,117,109,91,14,119,87,61,33,114,134" hai2="50,52,51,13,128,92,27,107,15,34,6,83,63" hai3="131,69,60,25,99,43,36,86,123,75,130,112,5"/><T41/><D118/><U48/><E109/><V127/><F107/><W20/><G75/><T89/><D106/><U85/><E33/><V135/><F128/><W4/><G112/><T82/><D41/><U124/><E124/><V23/><F127/><W56/><G123/><T66/><D73/><U38/><E38/><V115/><F115/><W19/><G69/><T64/><D9/><U11/><E134/><V79/><F34/><W71/><G71/><T104/><D104/><U108/><E108/><V55/><F135/><W74/><G74/><T29/><D29/><U39/><E39/><V28/><F63/><AGARI ba="1,0" hai="22,26,30,57,63,64,65,66,67,82,84,89,93,94" machi="63" ten="40,3900,0" yaku="8,1,52,1" doraHai="54" who="0" fromWho="2" sc="549,42,119,0,201,-42,131,0" /><INIT seed="4,2,0,5,2,62" ten="591,119,159,131" oya="0" hai0="76,37,40,124,12,23,10,108,59,133,29,117,97" hai1="18,73,72,106,57,50,20,96,9,78,46,116,135" hai2="4,21,134,66,8,86,102,15,38,94,80,75,74" hai3="35,118,99,16,125,67,122,98,33,0,123,36,30"/><T14/><D117/><U103/><E116/><V24/><F134/><W49/><G36/><T129/><D124/><U92/><E135/><V54/><F38/><W82/><G118/><T69/><D69/><U5/><E78/><V107/><F107/><W11/><G125/><T83/><D129/><U111/><E106/><V2/><F2/><W95/><G82/><T25/><D133/><U51/><E57/><V85/><F54/><W6/><G98/><T26/><D108/><U110/><E110/><V13/><F13/><W17/><G49/><T100/><D26/><U58/><E58/><V113/><F113/><W68/><G67/><T130/><D130/><U89/><E103/><V39/><F39/><W132/><G68/><T104/><D59/><U114/><E114/><V22/><F22/><W79/><G79/><T56/><D56/><U127/><E127/><V109/><F66/><W88/><G132/><T90/><D90/><U93/><E93/><V119/><F109/><W1/><G1/><T84/><REACH who="0" step="1"/><D10/><REACH who="0" ten="581,119,159,131" step="2"/><U64/><E111/><V61/><F119/><W3/><G88/><T60/><D60/><U47/><E89/><N who="2" m="53559" /><F61/><W121/><G122/><T48/><D48/><U65/><E9/><V115/><F115/><W43/><G121/><T55/><D55/><U28/><E51/><V126/><F126/><W87/><G123/><T44/><AGARI ba="2,1" hai="12,14,23,25,29,37,40,44,76,83,84,97,100,104" machi="44" ten="30,3000,0" yaku="1,1,0,1,53,0" doraHai="62" doraHaiUra="63" who="0" fromWho="0" sc="581,46,119,-12,159,-12,131,-12" /><INIT seed="4,3,0,4,2,47" ten="627,107,147,119" oya="0" hai0="93,96,101,36,66,2,20,29,26,70,58,67,84" hai1="121,24,5,103,80,34,81,52,114,100,132,110,130" hai2="9,69,50,117,51,98,128,57,120,118,23,127,78" hai3="72,15,126,116,6,124,35,111,56,91,11,4,38"/><T27/><D36/><U73/><E121/><V21/><F120/><W104/><G38/><T65/><D2/><U131/><E110/><V106/><F69/><W85/><G116/><N who="2" m="44649" /><F127/><N who="3" m="48683" /><G111/><T83/><D27/><U41/><E41/><V97/><F128/><N who="1" m="49193" /><E132/><V53/><F78/><W88/><G104/><T102/><D70/><U48/><E5/><V94/><F9/><N who="3" m="4519" /><G35/><T105/><D102/><N who="1" m="38955" /><E73/><V31/><F106/><W14/><G72/><T122/><D122/><U61/><E61/><N who="2" m="36015" /><F98/><W123/><G123/><T30/><D105/><U68/><E68/><V42/><F42/><W39/><G39/><T37/><D37/><U63/><E63/><V75/><F75/><W76/><G56/><T125/><D125/><U32/><E114/><V86/><F86/><W77/><G91/><T13/><D58/><N who="1" m="33031" /><E34/><V113/><F113/><W60/><G60/><T108/><D67/><U45/><E45/><V71/><F71/><W133/><G133/><T112/><D66/><U40/><E40/><V28/><F51/><W7/><G7/><T87/><D65/><U89/><E89/><N who="2" m="55503" /><F50/><W74/><G74/><T25/><D112/><U92/><E92/><AGARI ba="3,0" hai="6,11,14,76,77,85,88,92" m="4519,48683" machi="92" ten="30,2000,0" yaku="18,1,54,1" doraHai="47" who="3" fromWho="1" sc="627,0,107,-29,147,0,119,29" /><INIT seed="5,0,0,0,0,88" ten="627,78,147,148" oya="1" hai0="68,7,76,65,128,20,58,13,14,69,64,31,77" hai1="9,124,75,101,50,107,47,122,27,59,90,86,84" hai2="72,129,97,18,46,131,12,79,135,41,98,134,126" hai3="116,118,92,96,23,11,5,40,24,127,19,67,108"/><U100/><E124/><V106/><F79/><W4/><G127/><T60/><D128/><N who="2" m="49226" /><F72/><W44/><G67/><T32/><D32/><U6/><E122/><V89/><F106/><W78/><G78/><T112/><D112/><U25/><E75/><V104/><F104/><W117/><G108/><T30/><D20/><U109/><E109/><V130/><N who="2" m="49234" /><V53/><DORA hai="33" /><F53/><W111/><G111/><T45/><D7/><U123/><E59/><V16/><F18/><W81/><G81/><T26/><D58/><U55/><E123/><V114/><F114/><W87/><G87/><T37/><D45/><U70/><E70/><V121/><F121/><W38/><REACH who="3" step="1"/><G11/><REACH who="3" ten="627,78,147,138" step="2"/><T94/><D65/><U85/><E107/><V93/><F126/><W57/><G57/><T1/><D64/><U3/><REACH who="1" step="1"/><E90/><AGARI ba="0,1" hai="4,5,19,23,24,38,40,44,90,92,96,116,117,118" machi="90" ten="40,8000,1" yaku="1,1,12,1,52,1,53,1" doraHai="88,33" doraHaiUra="102,36" who="3" fromWho="1" sc="627,0,78,-80,147,0,138,90" owari="627,72.0,-2,-50.0,147,-25.0,228,3.0" /></mjloggm>