<mjloggm ver="2.3"><GO type="169" lobby="0"/><UN n0="%37%2F%32%E3%81%AB%E7%94%9F%E3%81%BE%E3%82%8C%E3%81%A6" n1="%7A%6B%75%72%74" n2="%63%6C%75%74%63%68%37%33" n3="%E6%A4%9B%E5%8D%97" dan="16,16,16,17" rate="2226.17,2124.71,2153.84,2222.91" sx="M,M,M,F"/><TAIKYOKU oya="0"/><INIT seed="0,0,0,3,5,79" ten="250,250,250,250" oya="0" hai0="21,123,90,36,134,118,33,132,12,105,131,52,46" hai1="2,133,63,57,37,69,126,5,82,64,44,23,100" hai2="80,7,1,103,110,62,117,4,120,122,53,68,129" hai3="135,24,38,6,95,85,25,66,125,74,77,111,99"/><T70/><D118/><U48/><E133/><N who="0" m="51305" /><D33/><U15/><E126/><V9/><F117/><W88/><G111/><T28/><D123/><U119/><E119/><V58/><F110/><W76/><G125/><T59/><D105/><U116/><E116/><V114/><F114/><W22/><G74/><T101/><D101/><U96/><E2/><V91/><F129/><W34/><G38/><T71/><D131/><U130/><E130/><V27/><F68/><W104/><G6/><T113/><D113/><U94/><E37/><V30/><F103/><W42/><G104/><T108/><D90/><U127/><E127/><V18/><F18/><W13/><G34/><T11/><D108/><U87/><E69/><V35/><REACH who="2" step="1"/><F7/><REACH who="2" ten="250,250,240,250" step="2"/><W14/><G135/><T102/><D102/><U51/><E5/><V78/><F78/><W50/><G77/><T97/><D71/><U49/><E44/><V40/><F40/><W92/><G76/><T0/><D70/><U128/><E128/><V47/><F47/><W81/><G42/><T75/><D46/><U26/><E100/><V29/><F29/><W19/><G19/><N who="0" m="10471" /><D28/><U20/><E57/><V98/><F98/><W17/><G99/><T41/><D97/><U121/><E96/><V39/><F39/><W60/><G88/><T73/><D41/><U86/><E86/><AGARI ba="0,1" hai="1,4,9,27,30,35,53,58,62,80,86,91,120,122" machi="86" ten="40,5200,0" yaku="1,1,52,1,53,1" doraHai="79" doraHaiUra="84" who="2" fromWho="1" sc="250,0,250,-52,240,62,250,0" /><INIT seed="1,0,0,0,0,103" ten="250,198,302,250" oya="1" hai0="52,69,135,56,30,19,63,94,101,125,14,126,43" hai1="68,39,106,124,18,67,131,29,7,96,22,6,97" hai2="36,89,32,83,61,88,122,105,134,93,4,120,44" hai3="72,98,37,53,66,118,130,111,25,0,81,112,87"/><U133/><E39/><V108/><F32/><W60/><G112/><T76/><D76/><U127/><E133/><V26/><F108/><W75/><G111/><T15/><D135/><U48/><E131/><V13/><F134/><W58/><G130/><T99/><D43/><U27/><E48/><V62/><F26/><W110/><G110/><T73/><D73/><U17/><E67/><V74/><F105/><W100/><G0/><T77/><D77/><U47/><E47/><V38/><F83/><W102/><G102/><T35/><D69/><U104/><E68/><V123/><F13/><W21/><G37/><T70/><D70/><U40/><E40/><V20/><F20/><W71/><G118/><T10/><D30/><U46/><E46/><V84/><F4/><W80/><G80/><T9/><REACH who="0" step="1"/><D35/><REACH who="0" ten="240,198,302,250" step="2"/><U132/><E132/><V129/><F74/><W55/><G72/><T57/><D57/><U41/><E41/><V64/><F129/><W128/><G71/><T54/><D54/><U113/><E29/><V59/><F44/><W11/><G75/><T117/><D117/><U33/><E33/><V95/><REACH who="2" step="1"/><F62/><REACH who="2" ten="240,198,292,250" step="2"/><W24/><G128/><T85/><D85/><AGARI ba="0,2" hai="36,38,59,61,64,84,85,88,89,93,95,120,122,123" machi="85" ten="40,12000,2" yaku="1,1,2,1,9,1,54,1,53,2" doraHai="103" doraHaiUra="86" who="2" fromWho="0" sc="240,-120,198,0,292,140,250,0" /><INIT seed="2,0,0,4,4,39" ten="120,198,432,250" oya="2" hai0="87,117,81,13,114,17,36,93,73,42,125,14,35" hai1="103,94,71,124,24,33,97,101,78,66,119,15,49" hai2="85,67,95,134,61,31,11,110,83,38,8,55,63" hai3="54,53,70,5,25,122,23,56,18,10,69,111,32"/><V44/><F134/><W50/><G111/><T123/><D123/><U92/><E119/><V118/><F118/><W4/><G4/><T99/><D117/><U105/><E124/><V64/><F110/><W84/><G32/><T2/><D2/><U91/><E78/><V48/><F38/><W89/><G54/><T27/><D73/><U82/><E103/><V1/><F31/><W126/><G126/><T20/><D114/><U34/><E15/><V12/><F95/><W62/><G50/><T116/><D116/><U41/><E82/><V16/><F1/><W7/><G7/><T37/><D37/><U132/><E132/><V133/><F8/><W98/><G122/><T29/><D125/><U40/><E49/><V9/><F9/><W77/><G77/><T74/><D74/><U46/><E46/><V0/><F0/><W79/><G79/><T109/><D13/><U30/><E34/><V22/><F22/><W107/><G84/><T120/><D109/><U106/><E94/><V21/><F21/><W43/><G107/><T58/><D58/><U86/><E106/><V65/><F133/><W131/><G131/><T108/><D108/><U80/><E92/><V128/><F128/><W102/><G102/><N who="0" m="60783" /><D120/><U121/><E121/><V52/><F55/><W45/><G98/><T112/><D112/><U100/><E100/><V127/><F127/><W76/><G70/><T88/><D36/><U129/><E129/><V26/><F26/><W57/><G69/><T28/><D29/><U19/><E19/><V104/><F104/><W60/><G25/><T47/><D47/><RYUUKYOKU ba="0,0" sc="120,10,198,10,432,10,250,-30" hai0="14,17,20,27,28,35,42,81,87,88" hai1="24,30,33,40,41,66,71,80,86,91,97,101,105" hai2="11,12,16,44,48,52,61,63,64,65,67,83,85" /><INIT seed="2,1,0,4,0,14" ten="130,208,442,220" oya="2" hai0="103,109,42,85,87,4,119,31,39,120,66,82,102" hai1="114,130,128,7,100,3,36,67,48,57,93,15,12" hai2="25,129,13,43,80,112,8,125,58,88,72,89,99" hai3="95,10,68,6,11,63,64,77,5,50,101,132,62"/><V86/><F112/><W22/><G132/><T54/><D120/><U17/><E36/><V90/><F125/><W40/><G77/><T69/><D109/><U60/><E114/><V91/><F72/><W122/><G122/><T33/><D119/><U56/><E3/><V108/><F129/><W24/><G63/><T35/><D4/><U76/><E76/><V110/><F43/><W84/><G50/><T83/><D54/><U134/><E134/><V41/><F41/><W30/><G40/><T55/><D55/><U71/><E7/><V44/><F44/><W117/><G117/><T21/><D21/><U20/><E12/><V65/><F25/><W126/><G126/><T118/><D42/><U105/><E105/><V70/><F70/><W46/><G46/><T2/><D31/><U23/><E23/><V29/><F29/><W123/><G123/><T34/><D66/><U97/><REACH who="1" step="1"/><E48/><REACH who="1" ten="130,198,442,220" step="2"/><V104/><F104/><W131/><G5/><T27/><D34/><U18/><E18/><V73/><F73/><W52/><G6/><T133/><D118/><U111/><E111/><N who="2" m="42539" /><F99/><W98/><G98/><T47/><D133/><U124/><E124/><V26/><F26/><W9/><G24/><T49/><D27/><U96/><E96/><V16/><F65/><W115/><G64/><T59/><D35/><U37/><E37/><V79/><F79/><W78/><G78/><T116/><D33/><U107/><E107/><V28/><F28/><W19/><G30/><T45/><D116/><U75/><E75/><V94/><F94/><W127/><G115/><T32/><D32/><RYUUKYOKU ba="1,1" sc="130,-15,198,15,442,15,220,-15" hai1="15,17,20,56,57,60,67,71,93,97,100,128,130" hai2="8,13,16,58,80,86,88,89,90,91" /><INIT seed="2,2,1,4,0,88" ten="115,213,457,205" oya="2" hai0="95,54,7,37,104,10,109,127,33,130,128,106,79" hai1="74,75,76,32,96,124,3,28,131,58,15,42,123" hai2="85,132,87,30,14,45,121,111,105,1,50,98,36" hai3="78,44,77,46,60,35,26,107,17,20,40,4,90"/><V80/><F121/><W29/><G107/><T19/><D109/><U69/><E69/><V99/><F1/><W67/><G4/><T47/><D127/><U12/><E3/><V89/><F36/><W84/><G35/><T43/><D33/><U64/><E42/><V8/><F132/><W91/><G29/><T101/><D19/><U113/><E113/><V103/><F30/><W62/><G91/><T24/><D24/><U126/><E131/><N who="0" m="50217" /><D54/><U11/><E123/><V100/><F111/><W118/><G118/><T55/><D55/><U117/><E117/><V125/><F125/><W22/><G22/><T114/><D79/><U9/><E76/><V27/><F27/><W70/><G62/><T120/><D114/><U48/><E126/><V39/><F39/><W5/><G5/><T21/><D21/><U82/><E124/><V2/><F2/><W133/><G133/><T93/><D120/><U65/><E32/><V57/><F57/><W34/><G34/><T63/><D63/><U59/><E28/><V31/><F31/><W51/><REACH who="3" step="1"/><G46/><REACH who="3" ten="115,213,457,195" step="2"/><T71/><D106/><U53/><E9/><V116/><F116/><W73/><G73/><T135/><D135/><U94/><E11/><V112/><F112/><W0/><G0/><N who="0" m="359" /><D71/><U122/><E122/><V108/><F108/><W16/><G16/><T49/><D104/><U129/><E129/><V115/><F115/><W6/><G6/><T52/><D101/><N who="1" m="60567" /><E75/><V119/><F119/><W86/><G86/><T18/><D18/><U56/><E74/><V66/><F87/><W23/><G23/><T13/><D13/><RYUUKYOKU ba="2,2" sc="115,15,213,-15,457,-15,195,15" hai0="37,43,47,49,52,93,95" hai3="17,20,26,40,44,51,60,67,70,77,78,84,90" /><INIT seed="3,3,2,5,4,69" ten="130,198,442,210" oya="3" hai0="47,118,104,80,37,112,107,70,116,20,87,93,91" hai1="120,89,4,30,79,25,28,98,0,105,15,68,117" hai2="46,127,119,83,132,124,115,92,129,86,85,12,61" hai3="106,99,123,82,38,10,39,34,135,17,60,33,90"/><W130/><G123/><T121/><D70/><U128/><E120/><V13/><F119/><W43/><G43/><T44/><D121/><U18/><E117/><N who="0" m="45161" /><D47/><U49/><E68/><V72/><F115/><W7/><G60/><T56/><D44/><U16/><E79/><V71/><F72/><W23/><G135/><T19/><D56/><U75/><E75/><V36/><F132/><W78/><G130/><T58/><D37/><U113/><E113/><V97/><F129/><W77/><G90/><N who="0" m="51559" /><D58/><U111/><E128/><V100/><F86/><W2/><G34/><T27/><D19/><U131/><E131/><V8/><F61/><W73/><G77/><T122/><D27/><U133/><E49/><V40/><F71/><W114/><G33/><T42/><D20/><U55/><E55/><V41/><F41/><W22/><G114/><T31/><D31/><U11/><E28/><V54/><F54/><W14/><REACH who="3" step="1"/><G23/><REACH who="3" ten="130,198,442,200" step="2"/><T95/><D42/><U103/><E133/><V125/><F8/><W64/><G64/><T59/><D112/><U50/><E89/><AGARI ba="3,3" hai="12,13,36,40,46,83,85,89,92,97,100,124,125,127" machi="89" ten="40,2600,0" yaku="18,1,52,1" doraHai="69" who="2" fromWho="1" sc="130,0,198,-35,442,65,200,0" /><INIT seed="4,0,0,3,5,70" ten="130,163,507,200" oya="0" hai0="44,29,74,14,93,95,49,23,126,96,117,31,21" hai1="128,58,25,5,109,57,108,99,107,112,65,16,61" hai2="73,133,122,22,36,100,132,103,42,12,11,51,38" hai3="28,59,75,81,68,135,91,26,63,104,79,9,121"/><T118/><D74/><U15/><E128/><V56/><F73/><W4/><G135/><N who="2" m="51785" /><F22/><W34/><G91/><T88/><D126/><U17/><E112/><V101/><F122/><W114/><G114/><T115/><D115/><U7/><E25/><V40/><F56/><W0/><G59/><T18/><D118/><U46/><E17/><N who="2" m="8351" /><F51/><W3/><G121/><T83/><D83/><U90/><E58/><V30/><F30/><W20/><G20/><T1/><D1/><U8/><E46/><V77/><F77/><W86/><G3/><T45/><D117/><U2/><E7/><V54/><F54/><W82/><G82/><T10/><D45/><U43/><E43/><AGARI ba="0,0" hai="36,38,40,42,43,100,101,103" m="8351,51785" machi="43" ten="30,3900,0" yaku="20,1,52,2" doraHai="70" who="2" fromWho="1" sc="130,0,163,-39,507,39,200,0" /><INIT seed="5,0,0,2,0,35" ten="130,124,546,200" oya="1" hai0="61,118,82,94,78,32,128,130,77,6,110,57,44" hai1="45,8,93,103,52,22,65,12,4,51,88,106,117" hai2="80,87,20,114,68,21,135,104,13,75,16,101,24" hai3="111,98,42,11,33,38,74,91,54,66,116,127,30"/><U81/><E117/><V134/><F68/><W26/><G127/><T37/><D32/><U19/><E106/><V9/><F75/><W84/><G111/><T92/><D110/><U73/><E103/><V18/><F114/><W43/><G74/><T112/><D118/><U14/><E65/><V56/><F56/><W28/><G28/><T47/><D112/><U55/><E73/><V85/><F85/><W0/><G66/><T83/><D6/><U15/><E81/><N who="0" m="30729" /><D57/><U41/><E14/><V27/><F101/><W132/><G38/><T113/><D61/><U59/><E59/><V107/><F135/><W31/><G54/><T49/><D49/><U67/><E67/><V125/><F125/><W121/><G132/><T123/><D37/><U119/><E119/><V71/><F71/><W58/><G58/><T122/><D44/><U70/><E70/><V62/><F62/><W129/><G33/><T25/><D25/><U2/><E2/><V17/><REACH who="2" step="1"/><F134/><REACH who="2" ten="130,124,536,200" step="2"/><W40/><G116/><T76/><D113/><U99/><AGARI ba="0,1" hai="4,8,12,15,19,22,41,45,51,52,55,88,93,99" machi="99" ten="20,12000,1" yaku="0,1,7,1,8,1,54,2" doraHai="35" who="1" fromWho="1" sc="130,-40,124,130,536,-40,200,-40" /><INIT seed="5,1,0,0,3,17" ten="90,254,496,160" oya="1" hai0="50,40,10,34,99,0,80,102,119,123,96,94,134" hai1="67,56,54,43,129,66,11,124,83,20,14,112,27" hai2="121,63,76,86,113,51,128,88,106,62,126,7,24" hai3="111,28,107,109,65,18,42,122,114,77,33,115,85"/><U47/><E112/><N who="3" m="43050" /><G107/><T108/><D108/><U72/><E129/><V92/><F113/><W98/><G122/><T45/><D119/><U135/><E124/><V74/><F128/><W9/><G65/><T26/><D123/><U37/><E135/><V133/><F133/><W68/><G68/><T87/><D134/><U3/><E3/><V46/><F106/><W84/><G42/><T30/><D96/><U1/><E1/><V118/><F7/><W55/><G98/><T90/><D0/><U125/><E83/><V64/><F118/><W29/><G85/><T110/><D10/><U117/><E72/><V101/><F101/><W5/><G55/><T41/><D110/><U82/><E82/><V131/><F24/><N who="3" m="18567" /><G29/><T21/><REACH who="0" step="1"/><D34/><REACH who="0" ten="80,254,496,160" step="2"/><U75/><E117/><V32/><F32/><W69/><G111/><T23/><D23/><U120/><E120/><V79/><F121/><W44/><G9/><T13/><D13/><U4/><E125/><V81/><F126/><W25/><G25/><T35/><D35/><U31/><REACH who="1" step="1"/><E75/><REACH who="1" ten="80,244,496,160" step="2"/><V8/><F131/><W15/><G109/><T52/><AGARI ba="1,2" hai="21,26,30,40,41,45,50,52,80,87,90,94,99,102" machi="52" ten="20,12000,2" yaku="1,1,0,1,7,1,8,1,52,1,54,1,53,0" doraHai="17" doraHaiUra="6" who="0" fromWho="0" sc="80,143,244,-61,496,-31,160,-31" /><INIT seed="6,0,0,2,2,41" ten="223,183,465,129" oya="2" hai0="15,94,99,59,77,74,44,110,93,8,114,3,40" hai1="76,117,109,63,98,65,81,100,49,14,134,25,28" hai2="70,24,125,113,47,88,19,48,115,87,80,127,121" hai3="66,4,123,124,42,21,102,107,0,128,78,135,108"/><V132/><F70/><W23/><G108/><T119/><D110/><U52/><E109/><V5/><F121/><W96/><G135/><T55/><D114/><U62/><E134/><V130/><F132/><W112/><G123/><T51/><D3/><U92/><E117/><V13/><F24/><W54/><G128/><T97/><D119/><U60/><E14/><V35/><F5/><W61/><G42/><T86/><D74/><U89/><E89/><V26/><F26/><W85/><G124/><N who="2" m="47689" /><F35/><W22/><G54/><T37/><D93/><U53/><E65/><V2/><F2/><W30/><G112/><T103/><D103/><U82/><E76/><V18/><F18/><W10/><G78/><T133/><D133/><U46/><REACH who="1" step="1"/><E53/><REACH who="1" ten="223,173,465,129" step="2"/><N who="2" m="29855" /><F130/><W104/><G30/><T116/><D116/><U106/><E106/><V69/><F69/><W111/><G111/><T79/><D77/><U68/><E68/><V129/><F129/><W90/><G107/><T12/><D12/><U84/><E84/><V122/><F122/><W39/><G85/><T75/><D75/><U16/><E16/><V6/><F6/><W67/><G67/><T72/><D72/><U120/><E120/><V31/><F31/><W56/><REACH who="3" step="1"/><G90/><REACH who="3" ten="223,173,465,119" step="2"/><N who="0" m="53591" /><D79/><U83/><E83/><V43/><F43/><W118/><G118/><T11/><D40/><U45/><E45/><V105/><F105/><W58/><G58/><T73/><D44/><U29/><E29/><V50/><F115/><W131/><G131/><T32/><D59/><U20/><AGARI ba="0,2" hai="20,25,28,46,49,52,60,62,63,81,82,92,98,100" machi="20" ten="30,8000,1" yaku="1,1,0,1,8,1,52,1,54,1,53,0" doraHai="41" doraHaiUra="33" who="1" fromWho="1" sc="223,-20,173,100,465,-40,119,-20" /><INIT seed="7,0,0,4,3,108" ten="203,273,425,99" oya="3" hai0="73,66,63,121,104,30,60,61,112,38,77,4,50" hai1="114,103,99,56,3,12,98,118,130,36,34,15,48" hai2="8,59,64,90,71,122,106,75,132,125,6,11,94" hai3="113,117,67,131,47,69,92,111,82,119,41,102,133"/><W83/><G69/><T72/><D104/><U33/><E3/><V18/><F59/><W105/><G67/><T16/><D121/><U123/><E123/><V23/><F90/><W109/><G47/><T96/><D66/><U91/><E36/><V28/><F94/><W101/><G41/><T25/><D38/><U107/><E130/><V32/><F106/><W93/><G105/><T84/><D4/><U7/><E118/><V55/><F75/><W129/><G133/><T76/><D96/><U22/><E22/><V5/><F5/><W53/><G53/><T110/><D110/><U81/><E7/><V20/><F20/><W21/><G21/><N who="0" m="13479" /><D50/><U58/><E48/><V35/><F6/><W52/><G52/><T89/><D30/><U37/><E37/><V1/><F1/><W86/><G86/><T9/><D9/><U62/><E62/><V2/><F2/><W78/><G78/><N who="0" m="30315" /><D73/><U100/><E107/><V29/><F55/><W95/><G95/><N who="0" m="54695" /><D72/><U39/><E39/><V49/><F49/><W51/><REACH who="3" step="1"/><G51/><REACH who="3" ten="203,273,425,89" step="2"/><T46/><D46/><U19/><E34/><V115/><F64/><W135/><G135/><T42/><D42/><U0/><E33/><V27/><F71/><W10/><G10/><T14/><D60/><U40/><E40/><V74/><F8/><W88/><G88/><T126/><D61/><U128/><E91/><V17/><F11/><W54/><G54/><T44/><D44/><U57/><E57/><V85/><F35/><W65/><G65/><T70/><D63/><U127/><E58/><V134/><F32/><W24/><G24/><RYUUKYOKU ba="0,1" sc="203,-10,273,-10,425,-10,89,30" hai3="82,83,92,93,101,102,109,111,113,117,119,129,131" /><INIT seed="7,1,1,4,0,23" ten="193,263,415,119" oya="3" hai0="15,7,111,20,79,40,38,58,69,72,33,108,125" hai1="59,56,42,84,102,61,27,67,70,117,103,122,41" hai2="88,78,97,76,96,95,119,75,43,14,57,47,5" hai3="77,39,45,106,89,133,63,30,71,127,110,18,131"/><W12/><G133/><T129/><D58/><U85/><E122/><V87/><F119/><W62/><G131/><T8/><D79/><U73/><E73/><V104/><F57/><W53/><G127/><T34/><D40/><U74/><E74/><V65/><F65/><W4/><G110/><T55/><D55/><U25/><E117/><V60/><F60/><W107/><G77/><T3/><D69/><U124/><E61/><V135/><F135/><W52/><G4/><T121/><D38/><U64/><E70/><V36/><F75/><W28/><G89/><T29/><D72/><U109/><E124/><V0/><F0/><W10/><G39/><T51/><D51/><U112/><E112/><V118/><F118/><W13/><G45/><T9/><D125/><U114/><E114/><V37/><F37/><W130/><G71/><T134/><D134/><U35/><E35/><N who="0" m="13321" /><D121/><U50/><E50/><V93/><F104/><W101/><G130/><T113/><D129/><U126/><E126/><V46/><F87/><W86/><G86/><T82/><D82/><U48/><E48/><V80/><F80/><W99/><G106/><T105/><D105/><U54/><E54/><N who="3" m="21098" /><G63/><T32/><N who="0" m="13329" /><T83/><DORA hai="123" /><D83/><U90/><E90/><V6/><F36/><W22/><G62/><T21/><D113/><U24/><E24/><V1/><F88/><W16/><G107/><T44/><D44/><U68/><E68/><V49/><F47/><W66/><G66/><T120/><D120/><U2/><E2/><V128/><F128/><W132/><G132/><T91/><D91/><RYUUKYOKU ba="1,1" sc="193,-15,263,15,415,-15,119,15" hai1="25,27,41,42,56,59,64,67,84,85,102,103,109" hai3="10,12,13,16,18,22,28,30,99,101" /><INIT seed="7,2,1,1,1,116" ten="178,278,400,134" oya="3" hai0="26,97,29,25,118,68,66,74,63,3,125,88,91" hai1="77,42,35,127,2,12,65,101,96,41,106,134,48" hai2="22,15,0,120,38,83,52,128,103,28,117,57,132" hai3="34,126,130,115,107,82,14,36,49,13,31,55,79"/><W16/><G36/><T104/><D118/><U8/><E2/><V105/><F117/><W47/><G130/><T86/><D125/><U61/><E127/><V30/><F0/><W44/><G126/><T6/><D74/><U109/><E109/><V56/><F38/><W17/><G115/><T7/><D26/><U67/><E134/><V43/><F43/><W51/><G107/><T10/><D7/><U124/><E35/><V108/><F108/><W94/><G94/><T18/><D18/><U92/><E77/><V131/><F83/><W72/><G31/><T64/><D64/><U9/><E67/><V90/><F90/><W32/><G17/><T54/><D54/><U89/><E48/><V11/><F103/><W4/><G13/><T99/><D86/><U75/><E75/><V98/><F98/><W1/><G4/><T84/><D84/><U39/><E8/><V37/><F37/><W122/><G122/><T40/><D40/><U110/><E39/><V95/><F120/><W78/><G79/><T87/><D87/><U70/><E110/><V23/><F95/><W112/><G112/><T46/><D46/><U73/><E73/><V76/><F76/><W121/><G121/><T100/><D99/><U123/><E123/><V27/><F15/><W69/><G1/><T71/><D71/><U33/><E124/><V129/><F129/><W80/><G69/><T58/><D58/><U59/><E70/><V19/><F131/><W102/><G102/><T93/><D93/><U50/><E101/><V5/><F128/><W135/><G135/><T20/><AGARI ba="2,1" hai="3,6,10,20,25,29,63,66,68,88,91,97,100,104" machi="20" ten="20,5200,0" yaku="5,1,0,1,7,1,54,1" doraHai="116" who="0" fromWho="0" sc="178,68,278,-15,400,-15,134,-28" owari="246,-15.0,263,6.0,385,48.0,106,-39.0" /></mjloggm>