<mjloggm ver="2.3"><GO type="169" lobby="0"/><UN n0="%E5%9D%8A%E3%82%84%E3%81%A1%E3%81%A4" n1="%E3%81%8A%E3%81%98%E3%81%95%E3%82%93" n2="%E8%B5%A4%E5%9D%82%E3%83%86%E3%83%B3%E3%83%91%E3%82%A4" n3="%79%6F%75%61%6C%70%68%61" dan="16,18,16,17" rate="2061.60,2228.23,2096.37,2228.54" sx="M,M,M,M"/><TAIKYOKU oya="0"/><INIT seed="0,0,0,0,5,89" ten="250,250,250,250" oya="0" hai0="60,133,5,70,135,17,123,97,73,27,114,101,103" hai1="6,82,54,31,23,130,87,88,48,43,104,71,125" hai2="40,111,0,38,61,7,45,129,134,81,37,55,33" hai3="112,4,30,63,68,51,24,117,25,15,122,116,74"/><T42/><D114/><U66/><E104/><V29/><F111/><W11/><G112/><T19/><D123/><U102/><E102/><V131/><F134/><N who="0" m="51210" /><D73/><U69/><E125/><V67/><F55/><W36/><G36/><T77/><D77/><U26/><E130/><N who="2" m="49675" /><F81/><W47/><G122/><T2/><D42/><U86/><E66/><V120/><F120/><W106/><G106/><N who="0" m="63791" /><D27/><U12/><E43/><V92/><F29/><W105/><G105/><T96/><D5/><U109/><E109/><V83/><F83/><W94/><G74/><T72/><D2/><U132/><E132/><V13/><F33/><W80/><G25/><T108/><D72/><U46/><REACH who="1" step="1"/><E87/><REACH who="1" ten="250,240,250,250" step="2"/><V58/><F40/><W110/><G110/><T100/><D108/><U126/><E126/><V95/><F38/><W65/><G116/><T113/><D103/><U56/><E56/><V18/><F45/><W107/><G107/><N who="0" m="63879" /><D113/><U41/><E41/><V121/><F37/><W62/><G117/><T119/><D119/><U76/><E76/><V9/><F121/><W99/><G68/><T32/><D32/><U8/><AGARI ba="0,1" hai="6,8,12,23,26,31,46,48,54,69,71,82,86,88" machi="8" ten="30,7900,0" yaku="1,1,0,1,54,1,53,1" doraHai="89" doraHaiUra="21" who="1" fromWho="1" sc="250,-39,240,89,250,-20,250,-20" /><INIT seed="1,0,0,5,0,113" ten="211,329,230,230" oya="1" hai0="31,65,33,26,93,18,89,132,58,52,109,122,35" hai1="64,116,135,0,111,95,19,53,24,102,83,121,39" hai2="98,105,120,10,131,45,8,56,36,117,115,27,25" hai3="97,82,37,71,126,100,90,28,79,108,124,2,99"/><U49/><E121/><V110/><F56/><W101/><G37/><T5/><D122/><U30/><E39/><V130/><F120/><W55/><G2/><T70/><D5/><U11/><E135/><V15/><F36/><W61/><G28/><T20/><D109/><U134/><E134/><V68/><F68/><W75/><G55/><T13/><D70/><U133/><E133/><V69/><F69/><W74/><G61/><T1/><D1/><U119/><E64/><V78/><F45/><W129/><G71/><T3/><D3/><U43/><E43/><V54/><F78/><N who="3" m="44375" /><G108/><T59/><D59/><U62/><E62/><V22/><F110/><W51/><G51/><T67/><D35/><U34/><E83/><V66/><F66/><W73/><G129/><T91/><D91/><U9/><E111/><V40/><F40/><W41/><G41/><T85/><REACH who="0" step="1"/><D132/><REACH who="0" ten="201,329,230,230" step="2"/><U48/><E0/><V96/><F131/><W50/><G90/><T16/><D16/><U46/><E19/><V118/><F130/><W112/><G112/><T32/><D32/><U103/><E34/><V76/><F115/><W63/><G124/><T125/><D125/><U12/><E30/><V72/><F76/><W114/><G126/><T123/><D123/><U88/><E88/><V38/><F38/><W29/><G29/><T7/><D7/><U107/><E102/><N who="3" m="39530" /><G114/><T23/><D23/><U4/><E4/><V81/><F22/><W87/><G79/><T92/><D92/><U6/><E95/><V44/><F10/><W80/><G80/><T17/><D17/><U128/><E128/><RYUUKYOKU ba="0,1" sc="201,30,329,-10,230,-10,230,-10" hai0="13,18,20,26,31,33,52,58,65,67,85,89,93" /><INIT seed="2,1,1,0,1,86" ten="231,319,220,220" oya="2" hai0="26,37,13,70,20,113,55,93,116,30,100,81,111" hai1="32,56,72,71,78,83,66,101,4,43,131,57,130" hai2="67,36,87,25,15,62,106,52,79,16,94,75,9" hai3="117,0,44,65,97,114,89,76,46,58,11,96,102"/><V104/><F36/><W21/><G117/><T90/><D37/><U7/><E32/><V28/><F75/><W59/><G114/><T64/><D111/><U128/><E43/><V45/><F67/><W121/><G121/><T82/><D113/><U61/><REACH who="1" step="1"/><E101/><REACH who="1" ten="231,309,220,220" step="2"/><V119/><F119/><W42/><G102/><T38/><D100/><U103/><E103/><V69/><F106/><W22/><G42/><T77/><D116/><U24/><E24/><V50/><F104/><W2/><G2/><T135/><D26/><U120/><E120/><V34/><F69/><W85/><G0/><T68/><D68/><U3/><E3/><V54/><F62/><W48/><G48/><T123/><D38/><U73/><E73/><V132/><F132/><W126/><G126/><T118/><D70/><U35/><E35/><V99/><F34/><W74/><G74/><T19/><D123/><U6/><AGARI ba="1,2" hai="4,6,7,56,57,61,66,71,72,78,83,128,130,131" machi="6" ten="40,8000,1" yaku="1,1,0,1,19,1,53,1" doraHai="86" doraHaiUra="63" who="1" fromWho="1" sc="231,-21,309,103,220,-41,220,-21" /><INIT seed="3,0,0,0,2,19" ten="210,412,179,199" oya="3" hai0="117,90,27,79,6,102,21,15,77,46,85,86,9" hai1="30,132,29,14,24,32,68,130,57,109,119,10,126" hai2="49,70,84,101,134,127,45,65,67,44,54,0,80" hai3="55,100,81,56,78,123,39,51,59,97,92,88,89"/><W87/><G123/><T3/><D117/><U58/><E68/><V129/><F0/><W133/><G133/><T104/><D3/><U73/><E73/><V36/><F134/><W93/><G39/><T25/><D27/><U116/><E132/><V105/><F127/><W75/><REACH who="3" step="1"/><G100/><REACH who="3" ten="210,412,179,189" step="2"/><T50/><D102/><U48/><E126/><V12/><F101/><W4/><G4/><T113/><D113/><U7/><E7/><V107/><F36/><W52/><G52/><N who="0" m="29783" /><D104/><U2/><E116/><V66/><F107/><W16/><G16/><N who="0" m="12455" /><D85/><U11/><E119/><V124/><F105/><W112/><G112/><T28/><D28/><U83/><E30/><V82/><F124/><W103/><G103/><T95/><AGARI ba="0,1" hai="6,9,15,77,79,86,90,95" m="12455,29783" machi="95" ten="30,7900,0" yaku="8,1,52,1,54,2" doraHai="19" who="0" fromWho="0" sc="210,89,412,-20,179,-20,189,-39" /><INIT seed="4,0,0,2,3,26" ten="299,392,159,150" oya="0" hai0="104,46,59,60,99,45,71,135,85,111,79,95,51" hai1="94,121,17,88,6,41,1,102,10,40,130,67,61" hai2="97,131,23,37,119,15,38,106,123,78,105,75,21" hai3="16,22,18,76,7,32,87,116,3,73,48,82,12"/><T124/><D71/><U63/><E121/><V109/><F15/><W5/><G116/><T62/><D104/><U50/><E130/><V34/><F97/><W91/><G32/><T81/><D135/><U65/><E102/><V11/><F11/><W14/><G3/><T110/><D124/><U92/><E17/><V69/><F78/><W42/><G42/><T98/><D98/><U20/><E20/><V53/><F53/><W93/><REACH who="3" step="1"/><G48/><REACH who="3" ten="299,392,159,140" step="2"/><T4/><D51/><U8/><E1/><V28/><F34/><W25/><G25/><T80/><D111/><U74/><E50/><V9/><F119/><W77/><G77/><T35/><D110/><U72/><E41/><V90/><F109/><W54/><G54/><T19/><D35/><U112/><E40/><V66/><F38/><W100/><G100/><T13/><D79/><U31/><E67/><V132/><F37/><W101/><G101/><T52/><D52/><U134/><E65/><V44/><F66/><W56/><G56/><T64/><D64/><U70/><E63/><V115/><F69/><W83/><G83/><T89/><D81/><U55/><E61/><V125/><F44/><W24/><G24/><T57/><D46/><U68/><E55/><V30/><F123/><W122/><G122/><T108/><D45/><U126/><E70/><V118/><F118/><W86/><G86/><T43/><D43/><U103/><E103/><V27/><F27/><W33/><G33/><T58/><D58/><U133/><E68/><V47/><F47/><W36/><G36/><T107/><D59/><U2/><E2/><RYUUKYOKU ba="0,1" sc="299,-10,392,-10,159,-10,140,30" hai3="5,7,12,14,16,18,22,73,76,82,87,91,93" /><INIT seed="5,1,1,3,5,36" ten="289,382,149,170" oya="1" hai0="13,46,123,76,61,94,66,80,120,0,103,106,70" hai1="24,78,20,53,126,48,112,47,21,40,39,11,52" hai2="43,128,68,121,12,134,7,97,79,96,22,115,4" hai3="98,45,101,88,127,50,9,15,109,28,51,33,99"/><U104/><E104/><V84/><F68/><W58/><G109/><T31/><D0/><U69/><E112/><V65/><F121/><W129/><G129/><T44/><D106/><U72/><E126/><V60/><F128/><W108/><G108/><T114/><D114/><U37/><E69/><V23/><F115/><W105/><G127/><T49/><D31/><U19/><E37/><V27/><F134/><W117/><G117/><T100/><D46/><U29/><E11/><V95/><F97/><W25/><G58/><T34/><D34/><U111/><E111/><V5/><F12/><W132/><G132/><T38/><D13/><U89/><E39/><V124/><F124/><W55/><G50/><T75/><D38/><U30/><E89/><V131/><F131/><W110/><G110/><T135/><D135/><U85/><E72/><V2/><F2/><W74/><G74/><T92/><D103/><U1/><E1/><V10/><F10/><W73/><G73/><T42/><D100/><U18/><E30/><V113/><F113/><W17/><G99/><T83/><REACH who="0" step="1"/><D83/><REACH who="0" ten="279,382,149,170" step="2"/><N who="1" m="47351" /><E29/><V32/><F32/><W77/><G105/><T107/><D107/><U64/><E64/><V57/><F65/><W118/><G101/><T122/><AGARI ba="1,2" hai="42,44,49,61,66,70,75,76,80,92,94,120,122,123" machi="122" ten="30,8000,1" yaku="1,1,0,1,13,1,52,1,53,1" doraHai="36" doraHaiUra="67" who="0" fromWho="0" sc="279,103,382,-41,149,-21,170,-21" /><INIT seed="6,0,0,3,1,57" ten="382,341,128,149" oya="2" hai0="22,82,130,87,106,79,13,114,25,0,93,69,116" hai1="78,17,51,99,103,45,95,109,53,96,89,27,11" hai2="74,132,117,98,64,125,62,133,91,42,111,15,85" hai3="63,54,56,121,119,44,80,33,131,65,83,105,73"/><V112/><F117/><W127/><G119/><T34/><D0/><U128/><E109/><V90/><F74/><W47/><G105/><T108/><D34/><U129/><E78/><V23/><F111/><W35/><G121/><T68/><D68/><U118/><E118/><V86/><F42/><W66/><G131/><T100/><D69/><U50/><E50/><V113/><F98/><W59/><G127/><T43/><D106/><U36/><E36/><V24/><F15/><W16/><G73/><T84/><D114/><N who="2" m="44138" /><F86/><W4/><G4/><T92/><D84/><U61/><E99/><V72/><F72/><W101/><G101/><T38/><D100/><U5/><E103/><V104/><F104/><W52/><G16/><T3/><D3/><U21/><E27/><V28/><F125/><W12/><G12/><T29/><D13/><N who="1" m="9391" /><E11/><V46/><F46/><W49/><G49/><T41/><D38/><U124/><E5/><V6/><F6/><W71/><G71/><T77/><D108/><U110/><E110/><V8/><F8/><W67/><G67/><T81/><D116/><U48/><E48/><V75/><F75/><W40/><G40/><T14/><D41/><N who="1" m="25007" /><E124/><V102/><F102/><W120/><G120/><T94/><D43/><U58/><E129/><V60/><F64/><W18/><G18/><T134/><D130/><U107/><E128/><V126/><F126/><W9/><G9/><T122/><D122/><U30/><E107/><V115/><N who="2" m="44146" /><V55/><DORA hai="20" /><F55/><W7/><G7/><T97/><D97/><U26/><E30/><V31/><F31/><RYUUKYOKU ba="0,0" sc="382,-15,341,15,128,-15,149,15" hai1="26,53,58,61,89,95,96" hai3="33,35,44,47,52,54,56,59,63,65,66,80,83" /><INIT seed="7,1,0,0,3,101" ten="367,356,113,164" oya="3" hai0="75,74,7,130,132,120,58,73,126,68,83,80,66" hai1="115,44,10,72,48,64,3,134,131,5,127,107,37" hai2="65,43,116,98,22,8,109,21,62,49,84,88,38" hai3="45,15,118,121,2,19,122,67,89,119,95,1,97"/><W26/><G1/><T112/><D120/><U11/><E72/><V4/><F109/><W0/><G2/><T81/><D126/><U77/><E77/><V104/><F116/><W9/><G118/><T57/><D7/><U110/><E37/><V105/><F38/><W94/><G119/><T70/><D132/><U39/><E39/><V96/><F43/><W29/><G0/><T123/><D123/><U102/><E64/><V113/><F49/><W71/><G71/><T76/><D76/><U55/><E11/><V28/><F113/><W53/><G67/><T34/><D66/><U50/><E50/><V16/><F28/><W128/><G128/><T6/><D6/><U31/><E31/><V20/><F16/><W61/><G94/><T78/><D78/><U14/><E14/><V108/><F108/><W106/><G106/><T51/><D112/><U42/><E42/><V79/><F79/><W69/><G69/><T17/><D130/><U46/><E131/><V40/><F40/><W111/><G111/><T86/><D70/><U114/><E110/><V33/><F33/><W117/><G117/><T27/><D34/><U90/><E114/><V124/><F124/><W82/><G29/><T129/><D68/><U47/><E127/><V92/><F62/><W25/><G19/><T93/><D129/><U59/><E115/><V54/><F54/><W32/><G32/><T23/><D51/><U100/><E48/><V125/><F125/><W13/><G61/><T133/><D133/><U35/><E134/><V24/><F65/><W41/><G53/><T52/><D52/><RYUUKYOKU ba="1,0" sc="367,30,356,-10,113,-10,164,-10" hai0="17,23,27,57,58,73,74,75,80,81,83,86,93" owari="397,50.0,346,15.0,103,-40.0,154,-25.0" /></mjloggm>