<mjloggm ver="2.3"><GO type="169" lobby="0"/><UN n0="%73%75%7A%75%6D%65%33" n1="%E7%AE%97%E6%95%B0%E3%81%8C%E3%81%A7%E3%81%8D%E3%81%AA%E3%81%84" n2="%E3%82%89%E3%81%84%E3%81%82%30%32%30%36" n3="%E5%B8%B0%E3%82%8A%E3%81%9F%E3%81%84%E3%80%82" dan="17,16,16,16" rate="2141.67,2149.83,2168.76,2138.50" sx="M,M,F,M"/><TAIKYOKU oya="0"/><INIT seed="0,0,0,5,3,62" ten="250,250,250,250" oya="0" hai0="97,82,120,19,45,126,14,132,26,81,38,35,86" hai1="117,67,4,8,5,89,57,73,76,55,135,118,0" hai2="7,32,107,46,51,74,13,77,91,131,130,59,37" hai3="83,22,60,18,110,103,53,75,23,36,33,25,94"/><T71/><D120/><U49/><E135/><V12/><F32/><W63/><G110/><T128/><D132/><U1/><E67/><V93/><F107/><W11/><G33/><T116/><D116/><U50/><E49/><V2/><F2/><W121/><G36/><T66/><D128/><N who="2" m="49194" /><F7/><W78/><G11/><T125/><D97/><U31/><E31/><V69/><F69/><W10/><G10/><T65/><D71/><U79/><E4/><V40/><F77/><W122/><G53/><T47/><D35/><U99/><E0/><V39/><F74/><W134/><G22/><T90/><D81/><U95/><REACH who="1" step="1"/><E76/><REACH who="1" ten="250,240,250,250" step="2"/><V87/><F37/><W123/><G134/><T98/><D38/><U64/><E64/><N who="0" m="24681" /><D26/><U61/><E61/><V100/><F100/><W72/><G63/><T88/><D126/><U58/><E58/><V20/><F39/><W42/><G60/><T30/><D30/><U44/><E44/><V54/><F59/><W111/><G122/><T27/><D27/><U21/><E21/><V101/><F20/><W115/><G123/><T80/><D125/><U70/><E70/><V109/><F101/><W9/><G23/><N who="0" m="11767" /><D80/><AGARI ba="0,1" hai="1,5,8,50,55,57,73,79,80,89,95,99,117,118" machi="80" ten="40,2600,0" yaku="1,1,53,1" doraHai="62" doraHaiUra="105" who="1" fromWho="0" sc="250,-26,240,36,250,0,250,0" /><INIT seed="1,0,0,0,4,96" ten="224,276,250,250" oya="1" hai0="39,132,64,93,89,9,29,37,16,115,67,82,65" hai1="49,25,122,128,112,48,86,74,30,14,98,52,7" hai2="55,6,119,15,78,59,53,47,62,35,41,34,109" hai3="61,1,111,100,75,117,80,107,118,13,87,4,28"/><U3/><E122/><V131/><F119/><N who="3" m="45579" /><G111/><T44/><D115/><U71/><E112/><V12/><F109/><W90/><G28/><T73/><D132/><U56/><E74/><V91/><F131/><W18/><G75/><T24/><D73/><U0/><E128/><V94/><F78/><W116/><G116/><T130/><D82/><U42/><E71/><V68/><F55/><W85/><G85/><T135/><D135/><U32/><E86/><V50/><F68/><W11/><G61/><T58/><D130/><U69/><E69/><V113/><F113/><W46/><G46/><T101/><D58/><U81/><E81/><V17/><F6/><W95/><G107/><T31/><D44/><U8/><E42/><V125/><F125/><W23/><G100/><T27/><D101/><U133/><E133/><V38/><F62/><W106/><G106/><T83/><D83/><AGARI ba="0,0" hai="1,4,11,13,18,23,80,83,87,90,95" m="45579" machi="83" ten="30,1000,0" yaku="12,1" doraHai="96" who="3" fromWho="0" sc="224,-10,276,0,250,0,250,10" /><INIT seed="2,0,0,4,5,134" ten="214,276,250,260" oya="2" hai0="59,111,37,46,22,86,25,88,81,123,77,100,10" hai1="8,121,131,115,38,11,16,39,133,73,47,102,110" hai2="83,43,56,24,117,71,1,5,98,57,21,67,72" hai3="130,104,62,116,94,30,112,12,13,78,68,106,69"/><V128/><F117/><W96/><G116/><T65/><D123/><U84/><E73/><V23/><F128/><W87/><G130/><T105/><D111/><U101/><E131/><V17/><F43/><W48/><G30/><T89/><D10/><U6/><E110/><V126/><F71/><W29/><G29/><T55/><D65/><U99/><E121/><V93/><F67/><W20/><G62/><T51/><D105/><U70/><E133/><V9/><F23/><W14/><G20/><T63/><D100/><U74/><E74/><V0/><F0/><W91/><G112/><T52/><REACH who="0" step="1"/><D37/><REACH who="0" ten="204,276,250,260" step="2"/><U40/><E38/><V32/><F9/><W44/><G104/><T97/><D97/><U95/><E102/><V114/><F98/><W61/><G106/><T41/><D41/><U135/><E135/><V127/><F114/><W75/><G96/><T18/><AGARI ba="0,1" hai="18,22,25,46,51,52,55,59,63,77,81,86,88,89" machi="18" ten="20,12000,2" yaku="1,1,0,1,7,1,8,1,54,2,53,0" doraHai="134" doraHaiUra="36" who="0" fromWho="0" sc="204,130,276,-30,250,-60,260,-30" /><INIT seed="3,0,0,5,2,9" ten="334,246,190,230" oya="3" hai0="90,124,85,110,0,50,31,25,42,74,88,46,134" hai1="6,91,102,1,30,28,55,17,60,83,114,4,58" hai2="118,27,95,108,35,81,57,39,71,78,26,21,75" hai3="7,34,37,116,51,52,3,111,122,120,112,100,131"/><W54/><G112/><T66/><D74/><U119/><E114/><V14/><F118/><W92/><G116/><T105/><D105/><U36/><E36/><V18/><F108/><W86/><G37/><T117/><D110/><U33/><E1/><V132/><F71/><W77/><G34/><T10/><D117/><U130/><E33/><V73/><F132/><W45/><G111/><T8/><D134/><U32/><E32/><V98/><F39/><W107/><G107/><T93/><D124/><U38/><E38/><V96/><F75/><W20/><G3/><T87/><D66/><U47/><E130/><V41/><F41/><W79/><G7/><N who="1" m="2602" /><E102/><V59/><F98/><N who="3" m="59463" /><G131/><T97/><D0/><U63/><E63/><V13/><F27/><W123/><G122/><T89/><D87/><N who="1" m="50687" /><E119/><V115/><F115/><W22/><G123/><T5/><D5/><U127/><E127/><V53/><F35/><W29/><G120/><T126/><D126/><U12/><E47/><V133/><F133/><W99/><G99/><T84/><D84/><U101/><E101/><V68/><F68/><W135/><G135/><T65/><D65/><U94/><E94/><V67/><F67/><W82/><G79/><T128/><D128/><U43/><E43/><V49/><REACH who="2" step="1"/><F59/><REACH who="2" ten="334,246,180,230" step="2"/><N who="3" m="33183" /><G29/><T44/><D97/><U15/><E28/><V125/><F125/><W129/><G129/><T113/><D31/><U72/><E30/><V121/><F121/><W80/><G80/><T70/><D70/><U24/><E72/><V103/><AGARI ba="0,1" hai="13,14,18,21,26,49,53,57,73,78,81,95,96,103" machi="103" ten="20,8000,1" yaku="1,1,0,1,7,1,52,2,53,0" doraHai="9" doraHaiUra="2" who="2" fromWho="2" sc="334,-20,246,-20,180,90,230,-40" /><INIT seed="4,0,0,1,3,41" ten="314,226,270,190" oya="0" hai0="36,88,29,37,105,126,96,64,133,116,102,59,84" hai1="50,78,127,80,51,110,114,107,20,72,2,70,75" hai2="99,93,23,26,55,38,103,3,62,15,106,12,53" hai3="9,48,60,129,71,63,115,109,76,61,8,43,121"/><T44/><D116/><U123/><E110/><V35/><F3/><W92/><G109/><T79/><D133/><U134/><E123/><V132/><F132/><W1/><G121/><T25/><D126/><U42/><E72/><V21/><F35/><W100/><G115/><T39/><D79/><U7/><E134/><V101/><F38/><W117/><G117/><T120/><D120/><U95/><E107/><V86/><F106/><W135/><G71/><T54/><D64/><U97/><E70/><V131/><F131/><W69/><G69/><T56/><D54/><U113/><E127/><V46/><F86/><W82/><G1/><T22/><REACH who="0" step="1"/><D44/><REACH who="0" ten="304,226,270,190" step="2"/><U45/><E113/><V122/><F55/><W124/><G124/><T5/><D5/><U112/><E114/><V85/><F46/><N who="3" m="25695" /><G135/><T24/><D24/><U130/><E112/><V10/><F53/><W19/><G129/><T14/><D14/><U0/><E130/><V6/><F15/><W57/><G57/><T31/><D31/><U118/><E7/><V87/><F122/><W17/><G19/><T33/><D33/><U18/><E118/><V68/><F26/><W66/><G17/><T58/><D58/><U65/><E65/><V40/><F68/><W4/><G4/><T28/><D28/><U49/><E0/><V74/><F6/><W13/><G13/><T52/><D52/><U98/><E2/><V91/><F12/><W125/><G66/><T27/><D27/><N who="1" m="14743" /><E45/><V108/><F108/><W89/><G125/><T16/><D16/><U34/><E34/><V73/><F10/><W11/><G11/><RYUUKYOKU ba="0,1" sc="304,30,226,-10,270,-10,190,-10" hai0="22,25,29,36,37,39,56,59,84,88,96,102,105" /><INIT seed="4,1,1,3,5,121" ten="334,216,260,180" oya="0" hai0="37,53,17,50,118,41,34,30,51,35,61,92,48" hai1="91,135,104,5,59,47,130,70,19,107,103,84,64" hai2="122,114,33,26,125,78,132,80,101,109,88,97,71" hai3="24,102,108,72,18,83,14,117,82,120,74,133,3"/><T16/><D118/><U81/><E130/><V8/><F122/><W13/><G3/><T87/><D37/><U27/><E135/><V25/><F71/><W10/><G120/><T52/><D41/><U42/><E70/><V69/><F69/><W106/><G117/><T56/><D35/><U55/><E64/><V75/><F132/><W63/><G133/><T90/><REACH who="0" step="1"/><D53/><REACH who="0" ten="324,216,260,180" step="2"/><U86/><E55/><V58/><F33/><W39/><G39/><T15/><D15/><U68/><E42/><V22/><F26/><AGARI ba="1,2" hai="16,17,26,30,34,48,50,51,52,56,61,87,90,92" machi="26" ten="40,12000,1" yaku="1,1,54,2,53,1" doraHai="121" doraHaiUra="54" who="0" fromWho="2" sc="324,143,216,0,260,-123,180,0" /><INIT seed="4,2,0,2,3,14" ten="467,216,137,180" oya="0" hai0="35,19,121,23,87,2,130,116,129,49,9,40,112" hai1="111,33,123,44,80,82,13,125,90,104,54,39,122" hai2="99,47,63,95,31,109,27,57,10,66,8,71,86" hai3="21,98,91,79,115,62,70,69,96,114,53,110,25"/><T113/><D121/><U41/><E111/><V15/><F109/><W135/><G110/><T73/><D73/><U107/><E125/><V48/><F86/><W106/><G79/><T0/><D116/><U50/><E33/><V3/><F3/><N who="0" m="1066" /><D87/><U108/><E108/><V94/><F71/><W101/><G135/><T81/><D81/><U120/><E90/><V103/><F95/><N who="3" m="56447" /><G70/><T18/><D35/><U76/><E80/><V58/><F58/><N who="3" m="35151" /><G69/><T131/><D40/><U118/><E118/><V26/><F15/><W65/><G65/><T67/><D49/><U30/><E30/><V93/><F93/><W29/><G98/><T134/><D67/><U4/><E13/><V127/><F127/><W92/><G92/><T20/><D9/><N who="2" m="3690" /><F31/><W36/><G36/><T52/><D52/><AGARI ba="2,0" hai="26,27,47,48,52,57,63,66,94,99,103" m="3690" machi="52" ten="30,2000,0" yaku="8,1,54,1" doraHai="14" who="2" fromWho="0" sc="467,-26,216,0,137,26,180,0" /><INIT seed="5,0,0,5,2,73" ten="441,216,163,180" oya="1" hai0="28,107,69,134,7,101,87,33,59,13,128,19,22" hai1="90,61,21,56,98,47,15,63,109,93,84,96,132" hai2="74,133,131,48,135,129,62,105,52,116,127,71,118" hai3="35,80,103,54,106,58,4,114,5,117,29,72,18"/><U42/><E132/><N who="2" m="50763" /><F105/><W30/><G114/><T120/><D134/><U57/><E109/><V124/><F74/><W119/><G103/><T91/><D69/><U51/><E15/><V97/><F62/><W81/><G106/><T16/><D120/><U23/><E96/><V77/><F77/><W10/><G18/><T9/><D128/><N who="2" m="49226" /><F97/><W102/><G4/><T115/><D115/><U17/><E84/><V86/><F86/><W100/><G35/><T49/><D33/><U121/><E121/><V76/><F76/><W40/><G40/><T113/><D113/><U75/><E75/><V65/><F65/><W0/><G30/><T2/><D107/><U126/><E63/><V31/><F71/><W70/><G29/><T45/><D28/><U39/><E39/><V26/><F26/><W38/><G38/><T95/><D87/><U3/><E61/><V92/><F31/><W122/><G122/><T123/><D123/><U108/><E98/><V82/><F82/><N who="3" m="31851" /><G70/><T104/><D104/><U78/><E108/><V89/><F89/><W125/><G72/><T1/><D91/><U130/><E90/><V83/><F92/><W6/><G102/><T8/><D101/><U68/><E93/><V27/><F27/><W37/><G100/><T24/><D95/><U43/><E68/><V41/><F41/><W34/><G34/><T14/><D24/><U11/><E130/><V60/><F83/><W111/><G54/><T46/><D49/><U99/><E42/><V94/><F94/><W32/><G37/><T67/><D67/><U112/><E43/><V25/><F48/><RYUUKYOKU ba="0,0" sc="441,0,216,0,163,0,180,0" /><INIT seed="6,1,0,0,1,122" ten="441,216,163,180" oya="2" hai0="50,5,71,0,125,76,95,6,64,89,88,67,80" hai1="19,54,117,114,58,26,15,118,129,39,31,52,121" hai2="38,65,135,93,32,30,106,24,82,66,77,51,35" hai3="34,14,104,73,12,60,108,59,17,8,29,97,132"/><V4/><F38/><W57/><G132/><T102/><D125/><U33/><E121/><V46/><F106/><W53/><G73/><T78/><D71/><U83/><E114/><V22/><F135/><W42/><G108/><T16/><D0/><U79/><E129/><V100/><F4/><N who="0" m="1642" /><D50/><U56/><E39/><V74/><F32/><W63/><G42/><T123/><D123/><U116/><E58/><V111/><F35/><W86/><G14/><T68/><D68/><U40/><E56/><V120/><F120/><W69/><G69/><T11/><D102/><U75/><REACH who="1" step="1"/><E40/><REACH who="1" ten="441,206,163,180" step="2"/><V87/><F111/><W62/><G59/><T61/><D64/><U41/><E41/><N who="2" m="25039" /><F74/><W25/><G63/><T20/><D61/><U131/><E131/><V112/><F112/><W128/><G62/><T49/><D67/><U2/><E2/><V113/><F113/><W43/><G43/><T103/><D49/><U110/><E110/><V37/><F37/><W98/><G128/><T72/><D72/><U107/><E107/><V21/><F66/><W47/><G104/><T27/><D11/><AGARI ba="1,1" hai="11,15,19,26,31,33,52,54,75,79,83,116,117,118" machi="11" ten="40,5200,0" yaku="1,1,54,1,53,1" doraHai="122" doraHaiUra="7" who="1" fromWho="0" sc="441,-55,206,65,163,0,180,0" /><INIT seed="7,0,0,0,2,135" ten="386,271,163,180" oya="3" hai0="56,19,69,23,36,37,41,103,126,133,5,114,79" hai1="44,14,111,113,87,18,24,32,88,84,68,29,97" hai2="11,128,22,15,31,59,4,60,39,6,102,55,54" hai3="129,62,95,12,50,21,0,93,1,105,51,119,98"/><W73/><G119/><T65/><D133/><U7/><E111/><V116/><F116/><W77/><G105/><T122/><D122/><U82/><E113/><V134/><F134/><W46/><G93/><T92/><D114/><U43/><E68/><V94/><F128/><W90/><G51/><T75/><D69/><U89/><E97/><N who="2" m="59703" /><F39/><W120/><G120/><T99/><D5/><U38/><E7/><V61/><F4/><W53/><G129/><T40/><D40/><U16/><REACH who="1" step="1"/><E14/><REACH who="1" ten="386,261,163,180" step="2"/><V100/><F100/><W34/><G12/><T108/><D103/><U110/><E110/><V33/><F33/><W48/><G34/><T28/><D99/><U83/><AGARI ba="0,1" hai="16,18,24,29,32,38,43,44,82,83,84,87,88,89" machi="83" ten="20,12000,2" yaku="1,1,0,1,7,1,9,1,54,2,53,0" doraHai="135" doraHaiUra="124" who="1" fromWho="1" sc="386,-30,261,130,163,-30,180,-60" owari="356,16.0,391,49.0,133,-27.0,120,-38.0" /></mjloggm>