<mjloggm ver="2.3"><GO type="169" lobby="0"/><UN n0="%E6%98%8E%E6%97%A5%E3%81%AE%E3%82%86%E3%81%8F%E3%81%88" n1="%4D%E5%B0%82%E5%8B%99" n2="%74%61%6B%65%33" n3="%4B%2D%4D%2D%42" dan="16,17,16,16" rate="2162.48,2246.50,2056.68,2081.41" sx="F,M,M,M"/><TAIKYOKU oya="0"/><INIT seed="0,0,0,2,4,112" ten="250,250,250,250" oya="0" hai0="98,124,17,33,111,75,28,65,13,119,29,30,67" hai1="19,123,73,108,6,133,54,34,106,85,87,103,60" hai2="3,71,1,36,9,92,128,41,35,82,23,93,110" hai3="130,0,125,45,42,100,89,15,74,99,48,90,117"/><T88/><D33/><U37/><E73/><V40/><F35/><W76/><G0/><T127/><D75/><U25/><E37/><V135/><F36/><W86/><G125/><N who="0" m="48203" /><D111/><U95/><E6/><V79/><F23/><W113/><G113/><T39/><D39/><U11/><E108/><V80/><F110/><W102/><G130/><T5/><D5/><U94/><E106/><V105/><F105/><W120/><G120/><T96/><D96/><U64/><E54/><V62/><F62/><W32/><G32/><T77/><D77/><U84/><E133/><V44/><F79/><W18/><G117/><T61/><D61/><U122/><E34/><V7/><F128/><W116/><G116/><T14/><D119/><U49/><E49/><V70/><F7/><W83/><G74/><T10/><D13/><U43/><E43/><V81/><F135/><W68/><G68/><T132/><D132/><U47/><E103/><N who="3" m="39466" /><G99/><T51/><D51/><U131/><E131/><V121/><F121/><W50/><G50/><T57/><D57/><U27/><E60/><V126/><F126/><W53/><G42/><T66/><D98/><U115/><E115/><V59/><F59/><W63/><G63/><T16/><D17/><U46/><E19/><V114/><F114/><W20/><AGARI ba="0,0" hai="15,18,20,45,48,53,76,83,86,89,90" m="39466" machi="20" ten="30,1100,0" yaku="8,1" doraHai="112" who="3" fromWho="3" sc="250,-5,250,-3,250,-3,250,11" /><INIT seed="1,0,0,5,2,95" ten="245,247,247,261" oya="1" hai0="51,89,130,66,45,3,62,32,64,9,47,34,36" hai1="73,67,37,106,50,103,82,60,99,42,79,131,2" hai2="8,122,68,23,135,49,77,92,6,93,85,52,14" hai3="20,86,133,123,27,75,31,112,15,97,125,90,94"/><U41/><E131/><V43/><F122/><W29/><G112/><T57/><D130/><U108/><E108/><V16/><F135/><W126/><G123/><T81/><D64/><U102/><E2/><V74/><F74/><W46/><G75/><T96/><D36/><U129/><E37/><V120/><F68/><W58/><G46/><T83/><D45/><U54/><E103/><V116/><F43/><W124/><G133/><T71/><D71/><U39/><E39/><V69/><F69/><W10/><G58/><T5/><D81/><U100/><E102/><V28/><F28/><W24/><G86/><T127/><D127/><U61/><E129/><V40/><F40/><W104/><G104/><T25/><D25/><N who="3" m="9801" /><G20/><T110/><D110/><U76/><E67/><V107/><F107/><W19/><AGARI ba="0,0" hai="10,15,19,29,31,90,94,97,124,125,126" m="9801" machi="19" ten="40,2700,0" yaku="18,1,52,1" doraHai="95" who="3" fromWho="3" sc="245,-7,247,-13,247,-7,261,27" /><INIT seed="2,0,0,3,4,52" ten="238,234,240,288" oya="2" hai0="92,50,58,32,3,81,116,96,40,78,82,7,20" hai1="73,59,104,41,19,121,37,106,85,112,48,13,2" hai2="44,39,80,25,18,28,6,30,122,0,64,113,107" hai3="90,34,33,51,42,127,15,77,26,88,57,69,134"/><V10/><F113/><W22/><G69/><T108/><D32/><U120/><E2/><V62/><F122/><W87/><G34/><T100/><D108/><U23/><E73/><V119/><F119/><W135/><G127/><T72/><D116/><U46/><E112/><V128/><F107/><W129/><G129/><T47/><D3/><U101/><E101/><V102/><F128/><W110/><G110/><T70/><D70/><U14/><E14/><V31/><F102/><W97/><G15/><T55/><D7/><U35/><E35/><V91/><F39/><W132/><G33/><T103/><D103/><U131/><E131/><V71/><F44/><N who="3" m="26007" /><G97/><T126/><D126/><U36/><E36/><V125/><F125/><W133/><G133/><T66/><D66/><U61/><E37/><V130/><F130/><W4/><G4/><T79/><D20/><U38/><E38/><V9/><F9/><W56/><G77/><N who="0" m="29195" /><D72/><U86/><E106/><V12/><F80/><N who="0" m="30826" /><D40/><U123/><REACH who="1" step="1"/><E104/><REACH who="1" ten="238,224,240,288" step="2"/><V54/><F0/><W98/><G90/><T89/><D100/><U21/><E21/><V60/><F91/><W95/><G87/><T93/><D93/><U109/><E109/><V11/><F11/><W29/><AGARI ba="0,1" hai="22,26,29,56,57,88,95,98,132,134,135" m="26007" machi="29" ten="30,7900,0" yaku="20,1,52,2,54,1" doraHai="52" who="3" fromWho="3" sc="238,-20,224,-20,240,-39,288,89" /><INIT seed="3,0,0,2,3,55" ten="218,204,201,377" oya="3" hai0="8,64,133,110,44,46,33,30,135,129,16,109,0" hai1="127,79,68,99,27,56,124,43,42,107,101,11,28" hai2="84,29,134,103,76,81,52,92,14,112,7,58,65" hai3="88,3,70,89,119,12,94,117,106,60,115,73,37"/><W90/><G106/><T95/><D64/><U9/><E68/><V97/><F112/><W96/><G3/><T74/><D74/><U114/><E79/><V40/><F134/><N who="0" m="51210" /><D129/><U47/><E43/><V13/><F65/><W98/><G37/><T123/><D123/><U108/><E108/><N who="0" m="41577" /><D95/><U75/><E75/><V50/><F7/><W49/><G94/><T5/><D46/><U31/><E31/><V1/><F1/><W72/><G70/><T22/><D44/><U51/><E114/><V19/><F29/><W116/><G116/><T86/><D86/><U66/><E127/><V122/><F122/><W132/><G73/><T82/><D82/><U24/><E24/><V131/><F131/><W63/><G72/><T39/><D39/><U41/><E41/><V21/><F40/><W78/><G115/><T15/><D30/><U23/><E124/><V6/><F6/><W113/><G117/><T26/><D33/><U20/><E20/><V54/><F54/><W104/><G119/><T118/><D118/><U100/><E100/><V93/><F92/><W126/><G104/><T38/><D38/><U77/><E77/><V18/><F18/><W111/><G126/><T80/><D80/><U48/><E48/><V32/><F32/><W120/><G111/><T128/><D128/><U59/><REACH who="1" step="1"/><E66/><REACH who="1" ten="218,194,201,377" step="2"/><V4/><F4/><W35/><G113/><T71/><D71/><U45/><E45/><V87/><F87/><W67/><G132/><T130/><D130/><U10/><AGARI ba="0,1" hai="9,10,11,23,27,28,42,47,51,56,59,99,101,107" machi="10" ten="30,7900,0" yaku="1,1,0,1,52,2,53,0" doraHai="55" doraHaiUra="91" who="1" fromWho="1" sc="218,-20,194,89,201,-20,377,-39" /><INIT seed="4,0,0,1,4,11" ten="198,283,181,338" oya="0" hai0="4,53,66,99,88,6,0,60,46,13,121,9,25" hai1="21,41,47,103,86,106,64,87,93,37,48,17,19" hai2="73,67,101,23,26,56,54,65,80,31,96,130,22" hai3="55,18,42,116,129,109,36,84,124,100,35,76,105"/><T74/><D121/><U71/><E106/><V107/><F130/><W8/><G35/><T52/><D74/><U85/><E37/><V61/><F73/><W79/><G42/><T115/><D115/><U82/><E17/><V134/><F134/><W12/><G36/><T83/><D0/><U45/><E45/><V111/><F111/><W110/><G105/><T16/><D46/><U132/><E132/><V123/><F123/><W98/><G124/><T97/><D97/><N who="1" m="59823" /><E64/><V34/><F80/><W14/><G129/><T1/><D1/><U44/><E71/><V15/><F34/><W128/><G116/><T81/><D81/><U126/><E47/><V51/><REACH who="2" step="1"/><F61/><REACH who="2" ten="198,283,171,338" step="2"/><W59/><G128/><T29/><D4/><U125/><E126/><V57/><F57/><W102/><G110/><T75/><D6/><U131/><E125/><V7/><F7/><N who="3" m="3103" /><G109/><T39/><D39/><U63/><E63/><V32/><F32/><W112/><G112/><T58/><D75/><U89/><E131/><V38/><F38/><W113/><G113/><T135/><D135/><U108/><E108/><V68/><F68/><W120/><G120/><T90/><D83/><U94/><E82/><V62/><F62/><N who="3" m="36223" /><G76/><T127/><D127/><U104/><E104/><V5/><F5/><W114/><G114/><T2/><D2/><U91/><E94/><V77/><F77/><W92/><G79/><T50/><D50/><U40/><E40/><V72/><F72/><W3/><G3/><T10/><D60/><U118/><E118/><V49/><F49/><W133/><G133/><T117/><D117/><RYUUKYOKU ba="0,1" sc="198,-15,283,15,171,15,338,-15" hai1="19,21,41,44,48,85,86,87,89,91" hai2="15,22,23,26,31,51,54,56,65,67,96,101,107" /><INIT seed="5,1,1,2,0,127" ten="183,298,186,323" oya="1" hai0="122,81,119,99,128,37,68,111,5,47,14,73,25" hai1="27,21,91,53,18,93,63,34,42,15,100,82,32" hai2="39,52,66,7,36,121,126,26,131,112,132,92,3" hai3="70,134,114,85,19,1,31,120,62,65,95,113,88"/><U116/><E116/><V24/><F121/><W87/><G120/><T115/><D122/><U10/><E100/><V17/><F66/><W67/><G134/><T78/><D119/><U44/><E82/><V94/><F126/><W72/><G72/><T74/><D111/><U71/><E71/><V104/><F104/><W102/><G1/><T4/><D68/><U9/><E9/><V8/><F132/><W103/><G31/><T23/><D115/><N who="3" m="44041" /><G67/><T58/><D74/><U123/><E123/><V38/><F112/><W101/><G19/><T96/><D128/><U2/><E2/><V90/><F131/><W124/><G124/><T28/><D58/><U61/><E53/><V48/><F17/><W69/><G69/><T77/><D77/><U106/><E106/><V12/><F94/><W49/><G49/><T22/><D22/><U129/><E34/><V41/><F41/><W60/><G60/><T55/><D55/><U20/><E20/><V76/><F3/><W86/><AGARI ba="1,1" hai="62,65,70,85,86,87,88,95,101,102,103" m="44041" machi="86" ten="40,2700,0" yaku="15,1,54,1" doraHai="127" who="3" fromWho="3" sc="183,-8,298,-14,186,-8,323,40" /><INIT seed="6,0,0,3,0,46" ten="175,284,178,363" oya="2" hai0="102,113,118,76,14,37,110,20,99,129,117,70,62" hai1="119,61,121,104,87,21,2,60,79,93,86,41,83" hai2="108,80,16,100,112,3,95,12,11,40,43,1,84" hai3="34,107,123,105,27,24,98,50,78,125,73,134,77"/><V124/><F112/><W109/><G98/><T32/><D110/><U122/><E104/><V15/><F124/><W115/><G123/><T7/><D37/><U13/><E2/><V36/><F108/><W135/><G109/><T29/><D113/><U4/><E119/><N who="0" m="45577" /><D76/><U54/><E41/><V133/><F133/><W63/><G63/><T131/><D70/><U74/><E74/><V9/><F36/><W5/><G5/><T67/><D32/><U128/><E128/><N who="0" m="49225" /><D62/><U10/><E21/><V45/><F1/><W39/><G34/><T68/><D67/><U130/><E130/><V25/><F25/><W90/><G73/><T72/><D72/><U8/><E8/><V35/><F35/><W59/><G39/><T111/><D68/><U18/><E4/><N who="2" m="3111" /><F3/><W96/><G115/><T132/><D111/><U51/><E122/><V69/><F69/><W94/><G134/><T6/><D132/><U30/><E30/><V97/><F45/><W33/><G135/><T23/><D99/><U26/><E26/><V0/><F0/><W53/><G96/><T103/><D103/><U49/><E121/><V85/><F85/><W19/><G27/><N who="0" m="16615" /><D102/><U75/><E75/><V44/><F44/><W55/><G105/><T31/><D31/><U82/><E86/><V92/><F92/><W57/><G107/><T64/><D64/><U116/><E93/><V42/><F42/><W28/><G33/><T81/><D81/><U114/><E82/><V91/><AGARI ba="0,0" hai="11,15,16,40,43,80,84,91,95,97,100" m="3111" machi="91" ten="30,3000,0" yaku="8,1,54,1" doraHai="46" who="2" fromWho="2" sc="175,-10,284,-10,178,30,363,-10" /><INIT seed="6,1,0,3,0,110" ten="165,274,208,353" oya="2" hai0="134,71,12,52,117,92,123,26,48,109,6,95,61" hai1="89,51,107,57,1,50,127,9,69,131,113,47,11" hai2="128,60,25,17,0,102,73,90,46,31,112,133,35" hai3="100,99,93,78,3,135,98,8,83,27,114,19,10"/><V97/><F73/><W115/><G135/><T132/><D109/><U126/><E69/><V42/><F133/><N who="0" m="51306" /><D123/><U21/><E107/><V116/><F116/><W55/><G3/><T2/><D2/><U40/><E131/><V53/><F128/><W75/><G55/><T81/><D117/><U20/><E89/><V66/><F0/><W13/><G27/><T122/><D122/><U88/><E1/><V5/><F5/><W105/><REACH who="3" step="1"/><G10/><REACH who="3" ten="165,274,208,343" step="2"/><N who="0" m="4183" /><D26/><U22/><E9/><V70/><F53/><W30/><G30/><T56/><D81/><U96/><E11/><V43/><F17/><W103/><AGARI ba="1,1" hai="8,13,19,75,78,83,93,98,99,100,103,105,114,115" machi="103" ten="30,7900,0" yaku="1,1,0,1,52,2,53,0" doraHai="110" doraHaiUra="29" who="3" fromWho="3" sc="165,-21,274,-21,208,-40,343,92" /><INIT seed="7,0,0,0,1,64" ten="144,253,168,435" oya="3" hai0="47,69,7,106,9,44,49,107,72,26,31,37,109" hai1="0,108,76,71,91,111,24,67,63,55,127,11,57" hai2="29,81,3,118,135,87,88,120,45,132,112,46,74" hai3="19,22,40,134,50,21,52,17,1,65,53,10,124"/><W68/><G124/><T123/><D109/><U119/><E127/><V27/><F118/><W116/><G40/><T42/><D123/><U20/><E76/><N who="2" m="44183" /><F3/><W61/><G134/><N who="2" m="51241" /><F112/><W4/><G116/><T102/><D72/><U66/><E66/><V56/><F56/><W92/><G92/><T114/><D114/><U18/><E119/><V85/><F120/><W133/><G133/><T125/><D125/><U97/><E0/><V103/><F103/><W15/><REACH who="3" step="1"/><G50/><REACH who="3" ten="144,253,168,425" step="2"/><T80/><D102/><U117/><E117/><V86/><F88/><W25/><AGARI ba="0,1" hai="1,4,10,15,17,19,21,22,25,52,53,61,65,68" machi="25" ten="20,18000,2" yaku="1,1,2,1,0,1,7,1,52,1,54,1,53,1" doraHai="64" doraHaiUra="35" who="3" fromWho="3" sc="144,-60,253,-60,168,-60,425,190" owari="84,-42.0,193,-1.0,108,-29.0,615,72.0" /></mjloggm>