<mjloggm ver="2.3"><GO type="169" lobby="0"/><UN n0="%E3%81%A8%E3%82%8A%E3%81%82%E3%81%88%E3%81%9A%E3%83%93%E3%83%BC%E3%83%AB" n1="%E8%B6%85%E7%B5%B6%E5%82%99%E9%95%B7%E7%82%AD" n2="%74%6F%72%69%30%36%31%32" n3="%E3%82%86%E3%81%A3%E3%81%8F%E3%82%8A%E5%A6%96%E5%A4%A2" dan="16,16,18,17" rate="2111.25,2143.69,2259.03,2198.22" sx="M,M,M,M"/><TAIKYOKU oya="0"/><INIT seed="0,0,0,2,5,129" ten="250,250,250,250" oya="0" hai0="134,35,31,106,6,61,73,89,71,13,112,25,107" hai1="99,92,48,16,69,85,100,127,83,84,45,116,34" hai2="60,94,43,28,12,58,54,3,118,121,133,113,130" hai3="124,132,26,15,8,93,96,76,2,101,104,66,80"/><T103/><D112/><U38/><E38/><V50/><F3/><W95/><G2/><T59/><D73/><U72/><E69/><V109/><F121/><W75/><G124/><T114/><D114/><U74/><E34/><V110/><F113/><W63/><G26/><T29/><D29/><U37/><E37/><V11/><F28/><W39/><G39/><T88/><D71/><U51/><E51/><V1/><F1/><W108/><G108/><N who="2" m="41577" /><F118/><W56/><REACH who="3" step="1"/><G132/><REACH who="3" ten="250,250,250,240" step="2"/><T36/><D134/><U125/><E116/><V41/><F133/><W79/><G79/><T68/><D36/><U102/><E125/><V77/><F130/><W0/><G0/><T122/><D122/><U98/><E127/><V32/><F32/><W120/><G120/><T64/><D68/><U91/><E74/><V128/><F128/><W19/><AGARI ba="0,1" hai="8,15,19,56,63,66,75,76,80,93,95,96,101,104" machi="19" ten="20,2700,0" yaku="1,1,0,1,7,1,53,0" doraHai="129" doraHaiUra="86" who="3" fromWho="3" sc="250,-13,250,-7,250,-7,240,37" /><INIT seed="1,0,0,0,5,14" ten="237,243,243,277" oya="1" hai0="131,96,9,62,97,47,121,108,67,45,54,106,7" hai1="78,86,71,69,20,112,118,104,26,122,61,92,94" hai2="23,130,48,74,68,42,134,4,65,19,33,44,70" hai3="0,120,16,124,40,95,25,90,59,117,27,51,56"/><U103/><E112/><V111/><F33/><W34/><G120/><T38/><D108/><U37/><E37/><V127/><F74/><W29/><G0/><T129/><D121/><U91/><E104/><V119/><F119/><W49/><G124/><T126/><D126/><U80/><E122/><V82/><F111/><W109/><G109/><T52/><D106/><U73/><E61/><V17/><F4/><W39/><G39/><T41/><D45/><U105/><E94/><V125/><F65/><W77/><G77/><T11/><D11/><U115/><E115/><V87/><F130/><N who="0" m="49674" /><D97/><N who="1" m="61679" /><E118/><V107/><F107/><W1/><G1/><N who="0" m="239" /><D96/><U58/><E58/><AGARI ba="0,0" hai="38,41,47,52,54,58,62,67" m="239,49674" machi="58" ten="30,2000,0" yaku="19,1,54,1" doraHai="14" who="0" fromWho="1" sc="237,20,243,-20,243,0,277,0" /><INIT seed="2,0,0,1,0,101" ten="257,223,243,277" oya="2" hai0="115,33,128,54,9,129,91,2,103,38,31,44,67" hai1="79,121,65,48,122,92,135,6,98,39,22,40,32" hai2="35,68,62,130,1,52,97,120,15,69,63,82,45" hai3="123,3,57,80,110,21,26,100,7,8,58,89,118"/><V12/><F1/><W41/><G118/><T106/><D115/><U112/><E112/><V116/><F120/><W113/><G123/><N who="1" m="47114" /><E32/><V84/><F35/><W117/><G117/><T17/><D67/><U29/><E39/><V0/><F0/><W19/><G110/><T53/><D91/><N who="1" m="55583" /><E6/><V90/><F130/><W73/><G113/><T11/><D31/><U109/><E109/><V114/><F114/><W13/><G41/><T14/><D33/><U96/><E135/><V37/><F37/><W70/><G70/><T56/><D38/><U28/><E65/><V119/><F119/><W75/><G100/><T102/><D44/><N who="1" m="25607" /><E79/><V127/><F116/><W43/><G43/><T134/><D134/><U77/><E77/><V16/><F15/><W93/><G80/><T34/><D34/><U60/><E60/><V59/><F127/><W125/><G125/><T36/><D36/><U131/><E131/><N who="0" m="50249" /><D2/><U107/><E22/><V47/><F63/><W74/><REACH who="3" step="1"/><G3/><REACH who="3" ten="257,223,243,267" step="2"/><T27/><D103/><AGARI ba="0,1" hai="28,29,96,103,107" m="25607,55583,47114" machi="103" ten="30,2000,0" yaku="13,1,52,1" doraHai="101" who="1" fromWho="0" sc="257,-20,223,30,243,0,267,0" /><INIT seed="3,0,0,2,0,40" ten="237,253,243,267" oya="3" hai0="78,4,18,57,87,61,49,54,132,35,74,92,9" hai1="73,66,133,112,121,70,83,81,55,134,79,82,100" hai2="45,101,89,22,128,42,75,59,69,110,27,95,52" hai3="65,84,122,2,108,125,119,72,28,7,123,94,104"/><W0/><G119/><T41/><D132/><N who="1" m="50795" /><E112/><V116/><F69/><W135/><G104/><T130/><D130/><U85/><E121/><V30/><F75/><W118/><G72/><T31/><D74/><U36/><E36/><V46/><F128/><W96/><G118/><T76/><D18/><U47/><E100/><V24/><F101/><W19/><G125/><T1/><D31/><U107/><E107/><V39/><F110/><W98/><G108/><T68/><D35/><U80/><E66/><V38/><F27/><W77/><G2/><T29/><D29/><U13/><E13/><V115/><F115/><W124/><G0/><T3/><D3/><U26/><E26/><V90/><F116/><W50/><G124/><T20/><D20/><U32/><E70/><V51/><F95/><W48/><G135/><T23/><D23/><U11/><E11/><V62/><F39/><W34/><G34/><T53/><D41/><AGARI ba="0,0" hai="22,24,30,38,41,42,45,46,51,52,59,62,89,90" machi="41" ten="30,7700,0" yaku="7,1,52,2,54,1" doraHai="40" who="2" fromWho="0" sc="237,-77,253,0,243,77,267,0" /><INIT seed="4,0,0,4,0,68" ten="160,253,320,267" oya="0" hai0="95,135,84,112,3,1,0,111,69,106,104,31,64" hai1="129,71,44,51,90,24,65,43,118,5,110,18,113" hai2="70,102,63,8,114,92,19,7,124,128,120,33,80" hai3="22,89,41,20,133,49,119,96,17,83,66,60,88"/><T28/><D112/><U29/><E118/><V57/><F120/><W87/><G119/><T25/><D135/><U34/><E110/><V123/><F70/><W77/><G133/><T46/><D111/><U122/><E122/><V14/><F123/><W23/><G17/><T134/><D134/><U15/><E5/><V12/><F33/><W132/><G132/><T109/><D109/><U108/><E108/><V72/><F124/><W39/><G39/><T21/><D31/><U26/><E24/><V36/><F128/><W115/><G115/><T121/><D121/><U4/><E4/><V42/><F72/><W6/><G6/><T37/><D64/><U13/><E113/><V27/><F27/><W81/><G96/><T10/><D69/><U67/><E15/><V52/><F80/><W78/><G41/><T117/><D117/><U16/><E18/><V48/><F36/><W38/><G38/><T105/><D10/><U126/><E71/><V47/><F114/><W62/><G49/><T59/><D59/><U86/><E126/><V79/><F79/><N who="3" m="30219" /><G66/><T74/><D74/><U55/><E43/><V97/><REACH who="2" step="1"/><F19/><REACH who="2" ten="160,253,310,267" step="2"/><W11/><G83/><T131/><D131/><U98/><E129/><V127/><F127/><W61/><G89/><N who="0" m="53671" /><D37/><U32/><E32/><V116/><F116/><W125/><G125/><T94/><D25/><U91/><E90/><V100/><F100/><W76/><G76/><T101/><D101/><U58/><E26/><V75/><F75/><W54/><G81/><T9/><D28/><U82/><E29/><V35/><F35/><W30/><G30/><RYUUKYOKU ba="0,1" sc="160,-10,253,-10,310,30,267,-10" hai2="7,8,12,14,42,47,48,52,57,63,92,97,102" /><INIT seed="5,1,1,3,4,91" ten="150,243,340,257" oya="1" hai0="74,70,132,85,114,112,134,34,15,90,68,119,39" hai1="109,86,127,46,23,52,73,71,78,8,92,7,50" hai2="24,56,79,60,18,13,4,130,99,17,20,44,47" hai3="104,84,35,63,126,6,43,53,14,135,45,87,106"/><U42/><E71/><N who="0" m="27177" /><D34/><U29/><E127/><V16/><F130/><W0/><G135/><N who="0" m="51755" /><D74/><U124/><E124/><V72/><F79/><W21/><G35/><T81/><D15/><N who="1" m="5535" /><E109/><V95/><F72/><W25/><G0/><T101/><D101/><U36/><E36/><V41/><F4/><W88/><G126/><T110/><D110/><U1/><E1/><V76/><F76/><W3/><G3/><T123/><D119/><U75/><E75/><V32/><F32/><W77/><G77/><T9/><D9/><U2/><E2/><V49/><F44/><W129/><G129/><T61/><D61/><U58/><E73/><V100/><F13/><W103/><G63/><T128/><D128/><U38/><E78/><V12/><F12/><W98/><G106/><T55/><D39/><U93/><E86/><V33/><F33/><W125/><G87/><T115/><D55/><AGARI ba="1,1" hai="16,17,18,20,24,41,47,49,55,56,60,95,99,100" machi="55" ten="30,7700,0" yaku="7,1,8,1,52,1,54,1" doraHai="91" who="2" fromWho="0" sc="150,-80,243,0,340,90,257,0" /><INIT seed="6,0,0,4,3,85" ten="70,243,430,257" oya="2" hai0="98,13,116,38,0,20,44,124,135,117,56,108,48" hai1="115,81,26,99,23,6,57,122,35,54,61,73,86" hai2="14,63,46,37,76,87,82,25,17,133,22,50,45" hai3="19,95,66,111,12,118,89,39,65,110,62,7,121"/><V84/><F133/><W128/><G118/><T29/><D108/><U96/><E73/><V5/><F37/><W107/><G121/><T68/><D68/><U52/><E35/><V106/><F106/><W33/><G107/><T80/><D0/><U79/><E115/><V114/><F114/><W101/><G33/><T27/><D135/><U4/><E54/><V97/><F97/><N who="1" m="37449" /><E122/><V11/><F50/><W100/><G39/><T72/><D124/><U30/><AGARI ba="0,0" hai="4,6,23,26,30,52,57,61,79,81,86" m="37449" machi="30" ten="30,2000,0" yaku="8,1,54,1" doraHai="85" who="1" fromWho="1" sc="70,-5,243,20,430,-10,257,-5" /><INIT seed="7,0,0,2,0,49" ten="65,263,420,252" oya="3" hai0="122,78,13,84,69,89,15,65,70,28,32,51,121" hai1="22,5,83,53,98,38,117,17,116,103,82,19,128" hai2="62,24,9,125,3,135,93,54,10,97,106,2,31" hai3="43,14,73,105,66,120,90,94,134,37,30,77,109"/><W25/><G120/><T67/><D51/><U18/><E5/><V92/><F106/><W127/><G105/><T132/><D84/><U118/><E38/><V39/><F39/><W64/><G127/><T60/><D60/><U36/><E36/><V44/><F135/><W87/><G134/><T81/><D81/><N who="1" m="30731" /><E53/><V75/><F75/><W130/><G130/><T88/><D132/><U50/><E50/><N who="2" m="28999" /><F93/><W16/><G109/><T111/><D32/><U113/><E113/><V114/><F125/><W131/><G131/><T4/><D4/><U27/><E128/><V86/><F62/><W40/><G77/><T123/><D123/><U61/><E61/><V71/><F24/><W63/><G73/><T7/><D7/><U29/><E19/><V126/><F31/><W124/><G124/><T46/><D28/><U8/><E8/><V33/><F33/><W85/><G85/><T80/><D80/><U107/><AGARI ba="0,0" hai="17,18,22,27,29,98,103,107,116,117,118" m="30731" machi="107" ten="40,1500,0" yaku="12,1" doraHai="49" who="1" fromWho="1" sc="65,-4,263,15,420,-4,252,-7" owari="61,-44.0,278,8.0,416,51.0,245,-15.0" /></mjloggm>