<mjloggm ver="2.3"><GO type="169" lobby="0"/><UN n0="%7A%65%52%6F" n1="%E3%81%A8%E3%82%8A%E3%81%82%E3%81%88%E3%81%9A%E3%83%93%E3%83%BC%E3%83%AB" n2="%6D%61%74%6F%30%36%30%33" n3="%73%75%7A%75%6D%65%33" dan="17,16,16,17" rate="2204.83,2108.41,2161.98,2137.87" sx="M,M,M,M"/><TAIKYOKU oya="0"/><INIT seed="0,0,0,0,0,127" ten="250,250,250,250" oya="0" hai0="60,81,70,125,109,112,58,114,21,101,129,102,57" hai1="121,115,117,2,19,96,36,22,37,69,134,40,50" hai2="105,24,82,4,88,43,113,25,90,3,49,66,9" hai3="133,99,62,84,48,92,111,94,8,38,86,120,28"/><T61/><D125/><U65/><E2/><V87/><F113/><W108/><G38/><T5/><D70/><U89/><E134/><V72/><F66/><W32/><G133/><T27/><D5/><U78/><E78/><V68/><F68/><W135/><G135/><T64/><D109/><N who="3" m="42057" /><G120/><T31/><D129/><U59/><E69/><V1/><F1/><W71/><G48/><T34/><D34/><U51/><E50/><V16/><F105/><W118/><G118/><T0/><D0/><U53/><E65/><V91/><F72/><W123/><G123/><T13/><D13/><U23/><E117/><V116/><F116/><W14/><G94/><T30/><D30/><U26/><E115/><V18/><F82/><W35/><G62/><T95/><D81/><U29/><E40/><V97/><F87/><N who="3" m="33323" /><G28/><T85/><D102/><U46/><E46/><V52/><F97/><W75/><G75/><T107/><D107/><U93/><E121/><V80/><F80/><W15/><G15/><AGARI ba="0,0" hai="15,19,22,23,26,29,36,37,51,53,59,89,93,96" machi="15" ten="30,1000,0" yaku="7,1" doraHai="127" who="1" fromWho="3" sc="250,0,250,10,250,0,250,-10" /><INIT seed="1,0,0,1,2,130" ten="250,260,250,240" oya="1" hai0="131,23,85,105,7,34,65,117,24,52,50,68,69" hai1="42,77,111,81,122,59,118,5,32,78,3,29,83" hai2="74,46,87,12,92,112,115,91,48,123,84,101,49" hai3="89,70,21,26,116,27,110,103,38,109,72,100,8"/><U128/><E122/><V60/><F74/><W36/><G72/><T20/><D117/><U22/><E118/><V96/><F123/><W44/><G116/><T10/><D105/><U18/><E128/><V28/><F28/><W126/><G70/><T67/><D34/><U54/><E42/><V129/><F129/><W4/><G89/><T17/><D131/><U119/><E119/><V79/><F60/><W58/><G58/><T13/><D69/><U88/><E111/><N who="3" m="42506" /><G126/><T75/><D75/><U124/><E124/><V35/><F35/><W121/><G121/><T132/><D68/><U25/><E5/><V15/><F79/><W102/><G44/><T95/><D132/><U39/><E3/><V56/><F56/><W43/><G43/><T55/><D55/><U14/><E39/><N who="3" m="14890" /><G21/><T61/><D61/><U51/><REACH who="1" step="1"/><E81/><REACH who="1" ten="250,250,250,240" step="2"/><V6/><F6/><W1/><AGARI ba="0,1" hai="1,4,8,26,27,100,102,103" m="14890,42506" machi="1" ten="40,1500,0" yaku="14,1" doraHai="130" who="3" fromWho="3" sc="250,-4,250,-7,250,-4,240,25" /><INIT seed="2,0,0,5,5,120" ten="246,243,246,265" oya="2" hai0="8,135,22,58,69,32,63,121,122,101,76,43,46" hai1="0,4,59,108,112,94,86,73,29,97,132,27,66" hai2="21,126,60,20,91,54,80,93,82,51,31,105,19" hai3="28,44,104,92,72,118,16,124,88,95,41,134,85"/><V103/><F126/><W84/><G104/><T5/><D32/><U3/><E73/><V26/><F60/><W107/><G107/><T102/><D69/><U11/><E112/><V62/><F103/><W78/><G118/><T1/><D135/><U7/><E132/><V30/><F105/><W55/><G134/><T127/><D127/><U39/><E39/><V81/><F62/><W130/><G124/><T35/><D35/><U50/><E86/><V89/><F93/><W56/><G130/><T116/><D116/><U45/><E66/><V68/><F68/><W64/><G64/><T24/><D76/><U34/><E59/><V49/><F49/><N who="3" m="26767" /><G72/><T25/><D122/><U113/><E113/><V10/><F10/><W131/><G28/><T96/><D121/><U6/><E0/><V53/><F53/><W75/><G75/><T77/><D77/><U57/><E57/><N who="2" m="32991" /><F31/><W110/><G131/><T33/><D58/><U128/><E128/><V90/><F80/><N who="3" m="47127" /><G95/><T129/><D129/><U125/><E125/><V61/><F61/><W123/><G123/><T17/><D63/><U71/><E71/><V117/><F117/><W65/><G65/><T36/><D96/><U14/><E3/><V67/><F67/><W87/><G56/><T48/><D48/><U111/><E94/><V13/><AGARI ba="0,0" hai="13,19,20,21,26,30,81,82,89,90,91" m="32991" machi="13" ten="30,1500,0" yaku="8,1" doraHai="120" who="2" fromWho="2" sc="246,-5,243,-5,246,15,265,-5" /><INIT seed="2,1,0,4,2,128" ten="241,238,261,260" oya="2" hai0="16,56,35,34,63,21,65,40,44,126,100,89,5" hai1="95,86,57,31,6,43,47,62,38,93,53,110,81" hai2="117,68,109,80,82,11,125,94,37,26,59,132,64" hai3="20,84,60,9,120,113,30,104,55,88,33,74,12"/><V87/><F117/><W45/><G33/><T78/><D126/><U0/><E110/><V1/><F37/><W76/><G104/><T119/><D119/><U4/><E31/><V105/><F105/><W101/><G120/><T66/><D5/><U98/><E0/><V118/><F68/><W106/><G113/><T122/><D122/><U54/><E54/><V58/><F118/><W27/><G74/><T18/><D100/><U97/><E95/><V73/><F26/><W102/><G76/><T129/><D129/><U99/><REACH who="1" step="1"/><E93/><REACH who="1" ten="241,228,261,260" step="2"/><V85/><F94/><N who="3" m="54535" /><G106/><T15/><D65/><U13/><E13/><V114/><F64/><W39/><G39/><T115/><D115/><U108/><E108/><V19/><F109/><W103/><G103/><T127/><D66/><U96/><N who="1" m="24576" /><DORA hai="67" /><U111/><E111/><V135/><F114/><W133/><G102/><T116/><D116/><U10/><E10/><V107/><F107/><W71/><G101/><T52/><D15/><U72/><E72/><V112/><F112/><W36/><G36/><T28/><D28/><U49/><E49/><V90/><F73/><W92/><G92/><T24/><D24/><U41/><E41/><V2/><F11/><W121/><G121/><T91/><D40/><U29/><E29/><V8/><F8/><W25/><G25/><T17/><D52/><U48/><E48/><V22/><F2/><W123/><G123/><T79/><D63/><U77/><AGARI ba="1,1" hai="4,6,38,43,47,53,57,62,77,81,86" m="24576" machi="77" ten="40,2700,0" yaku="1,1,0,1,53,0" doraHai="128,67" doraHaiUra="130,23" who="1" fromWho="1" sc="241,-8,228,40,261,-14,260,-8" /><INIT seed="3,0,0,1,0,69" ten="233,268,247,252" oya="3" hai0="96,120,0,59,74,39,9,113,26,84,51,105,36" hai1="17,82,60,111,115,63,46,133,108,48,15,98,121" hai2="80,55,132,62,76,18,77,10,93,119,117,103,79" hai3="99,101,31,86,11,5,83,44,21,22,6,56,14"/><W34/><G34/><T8/><D120/><U7/><E115/><V114/><F80/><W118/><G118/><T25/><D74/><U125/><E121/><V41/><F114/><W71/><G71/><T35/><D113/><U109/><E133/><V12/><F132/><W2/><G31/><T47/><D59/><U38/><E38/><V29/><F29/><W1/><G56/><T135/><D135/><U53/><E125/><V127/><F127/><W52/><G2/><T126/><D126/><U61/><E7/><V33/><F33/><W43/><G5/><T57/><D57/><U24/><E24/><V94/><F55/><W37/><G52/><T107/><D84/><U27/><E27/><V73/><F73/><W66/><G66/><T70/><D70/><U42/><E82/><V110/><F62/><W87/><G1/><T97/><D47/><U90/><E98/><V68/><F68/><W23/><REACH who="3" step="1"/><G83/><REACH who="3" ten="233,268,247,242" step="2"/><T81/><D81/><U20/><REACH who="1" step="1"/><E90/><REACH who="1" ten="233,258,247,242" step="2"/><V50/><F117/><W129/><G129/><T72/><D35/><U106/><E106/><AGARI ba="0,2" hai="6,11,14,21,22,23,37,43,44,86,87,99,101,106" machi="106" ten="40,3900,0" yaku="1,1,52,1,53,0" doraHai="69" doraHaiUra="65" who="3" fromWho="1" sc="233,0,258,-39,247,0,242,59" /><INIT seed="3,1,0,0,3,118" ten="233,219,247,301" oya="3" hai0="97,127,38,54,40,85,119,126,107,87,133,1,24" hai1="8,7,18,6,106,36,43,66,47,15,28,64,13" hai2="131,120,17,83,92,90,80,105,112,52,57,68,48" hai3="10,2,125,56,110,115,134,65,128,58,130,121,4"/><W102/><G115/><T86/><D1/><U22/><E106/><V124/><F112/><W55/><G134/><T93/><D38/><U84/><E28/><V62/><F105/><W89/><G102/><N who="0" m="62927" /><D40/><U81/><REACH who="1" step="1"/><E6/><REACH who="1" ten="233,209,247,301" step="2"/><V95/><F124/><W72/><G125/><T91/><D127/><U70/><E70/><V46/><F68/><W60/><G4/><T111/><D126/><U44/><E44/><V100/><F46/><W20/><G128/><T29/><D29/><U96/><E96/><V61/><F131/><W104/><G130/><T114/><D114/><U51/><E51/><V108/><F48/><W74/><G104/><T123/><D133/><U37/><E37/><V41/><F62/><W88/><G60/><T45/><D45/><U19/><E19/><V73/><F17/><W12/><G58/><T53/><D119/><U135/><E135/><V103/><F61/><W49/><G56/><T101/><D87/><U59/><E59/><V67/><F57/><W132/><G49/><T0/><D86/><U30/><E30/><V129/><F129/><W27/><G132/><T33/><D85/><U99/><E99/><V78/><F73/><W16/><G74/><T94/><D33/><U31/><E31/><V116/><F116/><W34/><G72/><T98/><D98/><U5/><E5/><V69/><F69/><W23/><G34/><T42/><D101/><U76/><AGARI ba="1,1" hai="7,8,13,15,18,22,36,43,47,64,66,76,81,84" machi="76" ten="20,8000,1" yaku="1,1,0,1,7,1,53,2" doraHai="118" doraHaiUra="9" who="1" fromWho="1" sc="233,-21,209,93,247,-21,301,-41" /><INIT seed="4,0,0,0,0,77" ten="212,302,226,260" oya="0" hai0="96,92,42,118,65,106,64,90,51,1,95,25,19" hai1="93,67,11,29,37,121,52,120,78,68,58,2,15" hai2="35,9,34,130,32,62,56,123,27,116,14,21,18" hai3="101,23,99,39,26,0,76,111,4,48,112,82,20"/><T87/><D118/><U10/><E37/><V125/><F123/><W61/><G111/><T134/><D134/><U12/><E29/><V16/><F116/><W135/><G39/><T79/><D1/><U80/><E67/><V127/><F130/><W86/><G135/><T131/><D106/><U41/><E41/><V59/><F62/><W91/><G112/><T84/><D131/><U8/><E68/><V69/><F69/><W49/><G61/><T45/><D84/><U43/><E43/><V105/><REACH who="2" step="1"/><F105/><REACH who="2" ten="212,302,216,260" step="2"/><W70/><G70/><T30/><D19/><U72/><E2/><V89/><F89/><W6/><G91/><T53/><D42/><U85/><E121/><V113/><F113/><W66/><G0/><T50/><D50/><U124/><E120/><V3/><F3/><W108/><G48/><T31/><D31/><U40/><E40/><V57/><AGARI ba="0,1" hai="9,14,16,18,21,27,32,34,35,56,57,59,125,127" machi="57" ten="40,5200,0" yaku="1,1,0,1,54,1,53,0" doraHai="77" doraHaiUra="63" who="2" fromWho="2" sc="212,-26,302,-13,216,62,260,-13" /><INIT seed="5,0,0,4,0,40" ten="186,289,278,247" oya="1" hai0="12,60,82,63,131,101,25,36,5,105,62,10,88" hai1="61,126,16,125,50,118,1,115,43,45,97,3,132" hai2="100,48,27,66,30,102,74,55,39,121,129,96,79" hai3="29,21,130,20,34,84,31,47,73,120,83,44,89"/><U2/><E118/><V56/><F39/><W41/><G120/><T23/><D36/><U72/><E115/><V64/><F121/><W65/><G73/><T19/><D131/><U109/><E132/><V35/><F129/><W78/><G130/><T6/><D105/><U75/><E109/><V116/><F102/><W122/><G122/><T90/><D101/><U103/><E61/><V13/><F116/><W26/><G65/><T69/><D69/><U15/><E97/><V33/><F33/><W71/><G71/><T51/><D5/><U11/><E103/><V37/><F37/><W91/><G34/><T111/><D111/><U81/><E81/><V106/><F79/><W53/><G53/><T22/><D82/><U68/><E68/><V67/><F74/><W112/><G112/><T58/><REACH who="0" step="1"/><D23/><REACH who="0" ten="176,289,278,247" step="2"/><U28/><E28/><V134/><F134/><W46/><G41/><T117/><D117/><U85/><E85/><V128/><F128/><W70/><G70/><T24/><D24/><AGARI ba="0,1" hai="20,21,24,26,29,31,44,46,47,78,83,84,89,91" machi="24" ten="40,8000,1" yaku="9,1,8,1,52,3" doraHai="40" who="3" fromWho="0" sc="176,-80,289,0,278,0,247,90" /><INIT seed="6,0,0,5,5,41" ten="96,289,278,337" oya="2" hai0="7,88,130,107,64,93,51,56,68,26,129,70,69" hai1="14,49,90,43,60,63,71,80,20,24,131,108,81" hai2="101,117,2,28,47,50,22,106,85,8,83,114,98" hai3="84,39,40,72,126,121,125,124,37,44,135,42,23"/><V48/><F117/><W132/><G72/><T16/><D7/><U31/><E108/><V45/><F114/><W100/><G121/><T79/><D79/><U134/><E131/><V46/><F2/><W1/><G1/><T57/><D107/><U104/><E104/><V18/><F8/><W32/><G32/><T62/><D57/><U119/><E119/><V36/><F36/><W53/><G100/><T21/><REACH who="0" step="1"/><D51/><REACH who="0" ten="86,289,278,337" step="2"/><U122/><E49/><V35/><F50/><N who="3" m="28871" /><G39/><T127/><D127/><U75/><E122/><V67/><F48/><W120/><G37/><T94/><D94/><U66/><E43/><V110/><F110/><W86/><G120/><T0/><D0/><U111/><E111/><V116/><F116/><W109/><G109/><T25/><D25/><U77/><E24/><V123/><F123/><W73/><G40/><T118/><D118/><U82/><E77/><V34/><F67/><W9/><G42/><T38/><D38/><U15/><E66/><V3/><F3/><W54/><G126/><T89/><D89/><U55/><E90/><V128/><F128/><W78/><G125/><T5/><D5/><U112/><E75/><V17/><F106/><W6/><G124/><T76/><D76/><U13/><E82/><V12/><F83/><W92/><G78/><T65/><D65/><U52/><E81/><V96/><F101/><W103/><G73/><T102/><D102/><U27/><E80/><V61/><F61/><W97/><G103/><T91/><D91/><U11/><E63/><V4/><F4/><W59/><G6/><T33/><D33/><RYUUKYOKU ba="0,1" sc="86,30,289,-10,278,-10,337,-10" hai0="16,21,26,56,62,64,68,69,70,88,93,129,130" /><INIT seed="7,1,1,3,3,53" ten="116,279,268,327" oya="3" hai0="100,111,49,6,45,113,51,60,91,116,95,42,36" hai1="96,31,32,107,72,37,68,83,101,19,35,122,71" hai2="27,66,40,44,21,20,82,26,80,89,34,22,52" hai3="92,14,70,1,29,23,2,130,84,124,85,73,55"/><W109/><G73/><T129/><D129/><U67/><E122/><V9/><F66/><W104/><G104/><T115/><D100/><U97/><E97/><V3/><F34/><W33/><G70/><T112/><D116/><U17/><E37/><V119/><F119/><W69/><G33/><T12/><D111/><U76/><E68/><V105/><F105/><W7/><G69/><T61/><D12/><U121/><E35/><V43/><F9/><W133/><G130/><T4/><D4/><U118/><E118/><V46/><F3/><W28/><G109/><T39/><D6/><U102/><E102/><V127/><F127/><W75/><G75/><T88/><D91/><U134/><E121/><V79/><F89/><W54/><G124/><T8/><D8/><U120/><E120/><V114/><F114/><W59/><G7/><T25/><D25/><N who="2" m="9226" /><F79/><W65/><G65/><T86/><REACH who="0" step="1"/><D51/><REACH who="0" ten="106,279,268,327" step="2"/><U63/><E101/><V128/><F128/><W16/><G14/><T94/><D94/><U56/><E107/><V131/><F131/><W64/><G92/><T99/><D99/><U117/><E96/><V78/><F78/><W18/><G1/><T24/><D24/><N who="1" m="18535" /><E117/><V126/><F126/><W110/><G2/><T13/><D13/><U135/><E71/><V30/><F30/><W47/><G29/><T108/><D108/><U103/><E103/><V90/><F90/><W48/><G110/><T11/><D11/><U77/><E77/><V58/><F82/><W15/><G28/><T132/><D132/><AGARI ba="1,2" hai="17,19,56,63,67,72,76,83,132,134,135" m="18535" machi="132" ten="30,2000,0" yaku="20,1,52,1" doraHai="53" who="1" fromWho="0" sc="106,-23,279,43,268,0,327,0" owari="83,-42.0,322,12.0,268,-13.0,327,43.0" /></mjloggm>