<mjloggm ver="2.3"><GO type="169" lobby="0"/><UN n0="%E3%80%8C%E3%83%92%E3%83%AD%E3%80%8D%34%30" n1="%E6%96%87%58" n2="%E3%81%A1%E3%82%83%E3%82%93%E3%81%8B%E3%82%8F" n3="%E7%88%86%E7%89%8C%E3%82%A6%E3%82%B7%E3%82%B8%E3%83%9E%E3%81%8F%E3%82%93" dan="16,16,16,16" rate="2105.70,2113.09,2062.89,2109.08" sx="M,F,M,M"/><TAIKYOKU oya="0"/><INIT seed="0,0,0,3,3,5" ten="250,250,250,250" oya="0" hai0="108,79,2,62,72,125,53,107,38,102,54,66,78" hai1="73,10,83,67,23,68,111,51,59,95,18,47,105" hai2="69,130,60,32,56,30,34,16,14,39,28,120,110" hai3="71,11,106,21,133,116,132,24,49,99,45,63,13"/><T97/><D125/><U50/><E105/><V52/><F120/><W43/><G116/><T22/><D38/><U19/><E111/><V91/><F110/><W65/><G106/><T36/><D108/><U103/><E68/><V31/><F130/><W118/><G99/><T123/><D123/><U113/><E73/><V75/><F39/><W55/><G118/><T15/><D36/><U119/><E119/><V109/><F109/><W96/><G96/><T134/><D2/><U7/><E83/><V1/><F1/><W129/><G43/><T57/><D134/><U6/><E6/><V44/><F75/><W20/><G129/><T8/><D22/><U48/><E113/><V3/><F3/><W128/><G128/><T29/><D29/><U89/><E103/><V46/><F69/><W77/><G77/><T25/><D25/><U131/><E131/><V74/><F74/><W61/><G61/><T100/><D100/><U98/><E47/><V81/><F34/><W64/><G64/><T84/><D84/><U85/><E98/><V26/><F26/><W12/><G12/><T121/><D121/><U117/><E117/><V122/><F32/><W41/><G41/><T27/><D27/><U104/><E104/><V82/><F122/><W40/><G40/><T9/><D15/><N who="1" m="5599" /><E23/><N who="3" m="8778" /><G24/><T127/><D72/><U94/><E94/><V87/><F81/><W70/><G70/><T126/><D126/><U92/><E92/><V76/><F76/><N who="0" m="29226" /><D127/><U35/><E35/><V88/><F91/><W86/><G86/><T17/><D107/><U90/><E90/><V0/><F0/><RYUUKYOKU ba="0,0" sc="250,-30,250,10,250,10,250,10" hai1="18,19,48,50,51,59,67,85,89,95" hai2="14,16,28,30,31,44,46,52,56,60,82,87,88" hai3="11,13,45,49,55,63,65,71,132,133" /><INIT seed="1,1,0,4,2,20" ten="220,260,260,260" oya="1" hai0="117,129,77,61,124,74,36,70,37,43,24,111,130" hai1="99,10,67,69,7,17,104,65,127,118,93,97,14" hai2="105,2,112,91,94,86,113,95,6,49,110,63,40" hai3="16,120,80,44,132,32,23,100,1,5,108,56,66"/><U55/><E118/><V4/><F105/><W119/><G119/><T42/><D77/><U82/><E127/><V103/><F110/><W53/><G120/><T126/><D117/><U109/><E69/><V79/><F79/><W71/><G32/><T29/><D74/><U45/><E104/><V50/><F63/><W46/><G108/><T39/><D29/><U0/><E97/><N who="2" m="59839" /><F40/><N who="0" m="15402" /><D24/><U115/><E115/><N who="2" m="44107" /><F4/><W41/><G132/><T26/><D26/><U9/><E109/><V8/><AGARI ba="1,0" hai="2,6,8,49,50,86,91,94" m="44107,59839" machi="8" ten="30,1100,0" yaku="11,1" doraHai="20" who="2" fromWho="2" sc="220,-4,260,-6,260,14,260,-4" /><INIT seed="2,0,0,1,1,66" ten="216,254,274,256" oya="2" hai0="134,111,24,96,116,53,120,23,56,31,103,92,58" hai1="91,36,15,93,12,79,42,115,135,84,74,27,49" hai2="124,48,55,65,30,132,89,70,47,67,33,108,101" hai3="85,52,130,28,61,19,43,26,119,5,110,41,18"/><V62/><F124/><W9/><G119/><T57/><D111/><U13/><E115/><V16/><F108/><W4/><G110/><T68/><D68/><U113/><E113/><V112/><F112/><W117/><G117/><T11/><D134/><U76/><E36/><V82/><F132/><W3/><G130/><T121/><D116/><U25/><E135/><V94/><F67/><W54/><G85/><T131/><D131/><U128/><E128/><V105/><F82/><W21/><G5/><T104/><D121/><U7/><E7/><V78/><F78/><N who="1" m="29737" /><E74/><V39/><F39/><W63/><G63/><T37/><D37/><U40/><E40/><V114/><F114/><W88/><G43/><T71/><D71/><U46/><AGARI ba="0,0" hai="12,13,15,25,27,42,46,49,84,91,93" m="29737" machi="46" ten="30,1100,0" yaku="8,1" doraHai="66" who="1" fromWho="1" sc="216,-3,254,11,274,-5,256,-3" /><INIT seed="3,0,0,4,3,128" ten="213,265,269,253" oya="3" hai0="69,94,122,42,75,132,58,63,127,88,135,4,81" hai1="64,22,45,98,28,78,26,60,131,95,87,61,35" hai2="30,1,40,130,37,25,104,8,24,32,96,115,83" hai3="67,73,27,33,108,46,103,43,129,109,90,113,105"/><W48/><G113/><T125/><D122/><U119/><E131/><V36/><F130/><W15/><G73/><T11/><D42/><U47/><E119/><V91/><F115/><W68/><G129/><T82/><D69/><U44/><E64/><V124/><F40/><W20/><G105/><T110/><D110/><N who="3" m="42601" /><G103/><T9/><D9/><U51/><E35/><V53/><F25/><W100/><G100/><T134/><D58/><U116/><E116/><V16/><F124/><N who="0" m="47690" /><D63/><U76/><E51/><V41/><F41/><W21/><G90/><T93/><D75/><U97/><E97/><V19/><F96/><W80/><G80/><N who="0" m="30827" /><D88/><N who="1" m="55655" /><E87/><V7/><F91/><W39/><G39/><T74/><D74/><U49/><E49/><V121/><F121/><W117/><G117/><T106/><D106/><U77/><AGARI ba="0,0" hai="22,26,28,44,45,47,60,61,76,77,78" m="55655" machi="77" ten="30,2000,0" yaku="8,1,54,1" doraHai="128" who="1" fromWho="1" sc="213,-5,265,20,269,-5,253,-10" /><INIT seed="4,0,0,3,4,130" ten="208,285,264,243" oya="0" hai0="8,118,73,135,40,50,112,111,124,87,57,95,41" hai1="110,106,42,48,86,18,122,43,1,134,47,100,97" hai2="80,105,88,56,114,71,92,70,76,59,127,90,115" hai3="91,93,45,67,29,89,64,32,116,58,68,83,74"/><T30/><D118/><U23/><E122/><V63/><F105/><W39/><G116/><T36/><D73/><U22/><E110/><V79/><F92/><W26/><G68/><N who="2" m="26153" /><F63/><W33/><G33/><T6/><D36/><U113/><E1/><V5/><F80/><W46/><G74/><T35/><D35/><U77/><E113/><N who="2" m="43019" /><F5/><W16/><G39/><T3/><D112/><U121/><E121/><V31/><F31/><W126/><G126/><T128/><D30/><U7/><E7/><V117/><F127/><W4/><G4/><T52/><D111/><U12/><E134/><V81/><F81/><W85/><G58/><N who="2" m="22057" /><F117/><W38/><G38/><T107/><D107/><U123/><E123/><V20/><F20/><W10/><G46/><T25/><D124/><U84/><E77/><AGARI ba="0,0" hai="76,77,79,88,90" m="22057,43019,26153" machi="77" ten="40,8000,1" yaku="28,2,15,1,54,1" doraHai="130" who="2" fromWho="1" sc="208,0,285,-80,264,80,243,0" /><INIT seed="5,0,0,1,2,107" ten="208,205,344,243" oya="1" hai0="80,125,133,116,73,87,79,30,86,89,12,37,122" hai1="25,119,2,110,62,97,99,91,106,69,10,68,84" hai2="102,98,48,52,55,16,83,34,67,111,65,5,72" hai3="100,51,66,135,20,117,22,4,134,126,76,95,0"/><U74/><E119/><V132/><F111/><W9/><G76/><T50/><D116/><U120/><E120/><V53/><F34/><W14/><G117/><T40/><D122/><U32/><E110/><V39/><F39/><W82/><G66/><T15/><D133/><N who="3" m="50697" /><G126/><T21/><D125/><U92/><E99/><V8/><F48/><W46/><G82/><T11/><D37/><U28/><E2/><V96/><F16/><N who="3" m="10263" /><G22/><T109/><D73/><U45/><E45/><V49/><F49/><W75/><G75/><T31/><D21/><U38/><E38/><V47/><F47/><W42/><G95/><N who="0" m="54711" /><D15/><U63/><E10/><V128/><F83/><W56/><G56/><T101/><D101/><AGARI ba="0,0" hai="0,4,9,42,46,51,100,101" m="10263,50697" machi="101" ten="30,2000,0" yaku="20,1,54,1" doraHai="107" who="3" fromWho="0" sc="208,-20,205,0,344,0,243,20" /><INIT seed="6,0,0,3,1,103" ten="188,205,344,263" oya="2" hai0="102,40,104,47,29,131,68,64,50,42,14,15,31" hai1="93,76,7,60,66,81,77,73,34,84,61,105,20" hai2="56,69,25,101,112,5,98,125,91,3,113,97,49" hai3="128,63,11,9,13,87,127,52,41,1,114,23,38"/><V53/><F125/><W46/><G127/><T124/><D124/><U26/><E7/><V2/><F69/><W16/><G128/><T132/><D131/><U100/><E76/><V121/><F121/><W67/><G114/><N who="2" m="44137" /><F5/><W117/><G117/><T44/><D132/><U43/><E43/><V110/><F110/><W82/><G1/><T115/><D115/><U17/><E34/><V88/><F25/><W45/><G45/><T70/><D102/><U107/><E61/><V33/><F33/><W65/><G65/><T32/><D32/><U24/><E24/><V74/><F74/><W8/><G52/><T27/><D27/><U62/><E62/><V30/><F30/><W122/><G122/><T90/><D90/><N who="2" m="34346" /><F98/><W133/><G133/><T12/><D64/><U94/><E94/><AGARI ba="0,0" hai="2,3,49,53,56,94,97,101" m="34346,44137" machi="94" ten="30,2900,0" yaku="15,1,54,1" doraHai="103" who="2" fromWho="1" sc="188,0,205,-29,344,29,263,0" /><INIT seed="6,1,0,0,4,62" ten="188,176,373,263" oya="2" hai0="36,18,48,71,74,110,83,108,7,107,17,14,114" hai1="8,34,45,2,22,115,57,12,63,84,35,6,112" hai2="102,100,66,21,96,9,54,118,58,72,61,53,47" hai3="64,91,76,11,99,78,130,89,133,104,42,135,55"/><V5/><F118/><W16/><G42/><T113/><D36/><U69/><E69/><V19/><F72/><W49/><G130/><T111/><D107/><U95/><E45/><V82/><F82/><W0/><G0/><T23/><D71/><U4/><E95/><V43/><F9/><W65/><G104/><T103/><D103/><U98/><E98/><V125/><F5/><W25/><G78/><T80/><D48/><U93/><E93/><V40/><F40/><W75/><G76/><T90/><D7/><U106/><E106/><V13/><F125/><W44/><G75/><T46/><D46/><U24/><E84/><V33/><F33/><N who="1" m="12297" /><E63/><V59/><F59/><W105/><G105/><T131/><D74/><U51/><E51/><N who="2" m="27135" /><F96/><W128/><G128/><T29/><D131/><U37/><E37/><V77/><F77/><W67/><G11/><T134/><D80/><U1/><E57/><V27/><F13/><W38/><G38/><T123/><D83/><U87/><E87/><V30/><F19/><W39/><G39/><T26/><D111/><U10/><E12/><V121/><F121/><W28/><G99/><T85/><D123/><U56/><E56/><V79/><F79/><W32/><G91/><T127/><D90/><U3/><E3/><V52/><AGARI ba="1,0" hai="21,27,30,52,53,54,58,61,66,100,102" m="27135" machi="52" ten="30,6000,0" yaku="8,1,52,1,54,1" doraHai="62" who="2" fromWho="2" sc="188,-21,176,-21,373,63,263,-21" /><INIT seed="6,2,0,4,0,0" ten="167,155,436,242" oya="2" hai0="112,25,37,23,22,11,14,21,128,106,68,42,131" hai1="15,57,27,85,118,32,58,24,93,82,51,49,133" hai2="87,69,91,56,8,50,96,104,65,124,78,6,36" hai3="31,20,103,44,125,105,117,100,75,120,40,2,61"/><V107/><F36/><W48/><G117/><T16/><D106/><U101/><E118/><V126/><F69/><W130/><G120/><T66/><D37/><U90/><E133/><V45/><F78/><W46/><G75/><T64/><D42/><U95/><E32/><V35/><F35/><W123/><G123/><T84/><D112/><U52/><E15/><V28/><F28/><W116/><G116/><T70/><D84/><U63/><E95/><V18/><F18/><W98/><G2/><T132/><D132/><U19/><E19/><V34/><F56/><W115/><G125/><T77/><D77/><U7/><E7/><V1/><F65/><N who="0" m="25194" /><D25/><N who="1" m="9803" /><E58/><V47/><F47/><W94/><G46/><T81/><D81/><U17/><E17/><V121/><F121/><W129/><G44/><T10/><D10/><U60/><E60/><V99/><F34/><W12/><G61/><T5/><D16/><U13/><E13/><V59/><F59/><W29/><G12/><T72/><D72/><U76/><E101/><V38/><F38/><W39/><G103/><T62/><D62/><U30/><E30/><V113/><F113/><W109/><G100/><T43/><D43/><U108/><E108/><V97/><F104/><W55/><G105/><T122/><D122/><U88/><E90/><V54/><REACH who="2" step="1"/><F107/><REACH who="2" ten="167,155,426,242" step="2"/><W111/><G115/><T4/><D4/><U110/><E110/><V114/><F114/><W9/><G109/><T119/><D119/><U74/><E74/><V41/><F41/><W86/><G111/><T71/><D71/><U89/><E76/><V83/><AGARI ba="2,1" hai="1,6,8,45,50,54,83,87,91,96,97,99,124,126" machi="83" ten="30,11700,0" yaku="1,1,5,1,0,1,52,1,53,0" doraHai="0" doraHaiUra="73" who="2" fromWho="2" sc="167,-41,155,-41,426,133,242,-41" /><INIT seed="6,3,0,5,0,86" ten="126,114,559,201" oya="2" hai0="130,78,53,89,45,54,119,10,62,59,68,3,18" hai1="129,29,120,101,27,94,64,46,12,58,7,95,13" hai2="8,100,103,51,110,21,26,15,35,93,71,31,6" hai3="73,5,28,122,97,80,131,96,118,90,39,105,48"/><V4/><F71/><W25/><G39/><T114/><D114/><U24/><E129/><V98/><F110/><W102/><G131/><T60/><D130/><U76/><E120/><V30/><F30/><W125/><G122/><T63/><D119/><U11/><E76/><V42/><F35/><W49/><G118/><T99/><D78/><U36/><E36/><V83/><F6/><W67/><G125/><T22/><D3/><U75/><E75/><V79/><F42/><W133/><G5/><T115/><D10/><U57/><E46/><V72/><F51/><W32/><G133/><T33/><D33/><U81/><E81/><V2/><F2/><W20/><G67/><T82/><D68/><U124/><E124/><V44/><REACH who="2" step="1"/><F44/><REACH who="2" ten="126,114,549,201" step="2"/><W17/><G49/><N who="0" m="28847" /><D115/><U85/><E7/><V74/><F74/><W88/><G48/><T128/><D128/><U40/><E40/><V112/><F112/><W116/><G116/><T37/><D37/><U84/><E29/><V43/><F43/><W109/><G109/><T9/><D63/><U61/><E61/><V107/><F107/><W0/><G0/><T23/><D62/><U132/><E132/><V113/><F113/><W91/><G73/><T38/><D38/><U50/><E50/><V87/><F87/><W65/><G65/><T123/><D123/><U19/><E64/><V14/><F14/><W104/><G104/><T121/><D121/><U127/><E127/><V16/><F16/><W92/><G80/><T134/><D134/><U47/><E47/><V111/><F111/><W34/><G34/><T126/><D126/><RYUUKYOKU ba="3,1" sc="126,-15,114,-15,549,15,201,15" hai2="4,8,15,21,26,31,72,79,83,93,98,100,103" hai3="17,20,25,28,32,88,90,91,92,96,97,102,105" /><INIT seed="6,4,1,1,2,29" ten="111,99,564,216" oya="2" hai0="118,108,74,123,69,30,78,133,54,104,84,55,83" hai1="89,0,71,59,80,34,42,111,17,50,56,58,132" hai2="25,112,48,40,116,9,87,120,85,114,37,73,66" hai3="46,22,93,77,19,110,23,130,20,128,4,1,52"/><V109/><F116/><W124/><G110/><T41/><D108/><U82/><E111/><V11/><F120/><W49/><G77/><T5/><D123/><U7/><E71/><V32/><F37/><W28/><G124/><T102/><D69/><U106/><E106/><V96/><F73/><W122/><G122/><T16/><D118/><U131/><E131/><N who="3" m="50218" /><G28/><T26/><D5/><U91/><E34/><V6/><F66/><W27/><G93/><T117/><D117/><U13/><E7/><V39/><F85/><W127/><G127/><T2/><D2/><U8/><E0/><V86/><F87/><W76/><G76/><T24/><D30/><U10/><E132/><V94/><F86/><W61/><G61/><T65/><D65/><U60/><E8/><AGARI ba="4,1" hai="1,4,8,19,20,22,23,27,46,49,52" m="50218" machi="8" ten="30,2000,0" yaku="19,1,54,1" doraHai="29" who="3" fromWho="1" sc="111,0,99,-32,564,0,216,42" /><INIT seed="7,0,0,2,1,11" ten="111,67,564,258" oya="3" hai0="72,99,81,0,89,116,102,93,34,38,25,67,88" hai1="105,5,106,55,42,9,18,35,40,74,129,59,135" hai2="2,134,86,22,109,62,16,63,28,114,118,14,119" hai3="65,91,6,68,94,10,19,79,78,73,82,50,53"/><W17/><G79/><T126/><D116/><U125/><E74/><V20/><F109/><W101/><G101/><T115/><D38/><U70/><E70/><V15/><F2/><W29/><G29/><T98/><D0/><U112/><E35/><V30/><F86/><W61/><G94/><T1/><D1/><U45/><E112/><V87/><F87/><W128/><G91/><T43/><D43/><U84/><E125/><V132/><F16/><W66/><G66/><T124/><D67/><U69/><E135/><V96/><F96/><W4/><G4/><T56/><D56/><U107/><E69/><V60/><F60/><W127/><G128/><T27/><D115/><AGARI ba="0,0" hai="14,15,20,22,28,30,62,63,114,115,118,119,132,134" machi="115" ten="25,6400,0" yaku="22,2,52,2" doraHai="11" who="2" fromWho="0" sc="111,-64,67,0,564,64,258,0" owari="47,-45.0,67,-33.0,628,72.0,258,6.0" /></mjloggm>