<mjloggm ver="2.3"><GO type="169" lobby="0"/><UN n0="%E3%82%B7%E3%83%B3%E3%83%9C%E3%83%AA%E3%83%AB%E3%83%89%E3%83%AB%E3%83%95" n1="%E3%82%B9%E3%83%86%E3%82%A3%E3%82%A2" n2="%E6%B0%B4%E7%84%A1%E6%9C%88%2A%E9%9F%BF" n3="%6D%61%73%5F" dan="17,17,16,18" rate="2181.61,2133.20,2084.03,2247.05" sx="M,M,M,M"/><TAIKYOKU oya="0"/><INIT seed="0,0,0,4,2,25" ten="250,250,250,250" oya="0" hai0="131,98,30,125,78,31,24,36,75,45,108,74,95" hai1="91,16,61,106,113,73,53,1,6,118,52,63,33" hai2="59,40,69,20,89,116,9,134,65,57,14,93,80" hai3="62,104,54,56,133,83,60,112,128,26,109,70,51"/><T32/><D131/><U92/><E118/><V79/><F134/><W127/><G104/><T8/><D125/><U114/><E106/><V107/><F107/><W35/><G112/><N who="1" m="43114" /><E73/><V88/><F116/><W4/><G109/><T135/><D135/><U102/><E102/><V87/><F40/><W100/><G100/><T2/><D108/><U42/><E42/><V115/><F115/><W85/><G4/><T58/><D36/><U81/><E81/><V43/><F43/><W7/><G7/><T117/><D45/><U64/><E33/><V23/><F69/><W15/><G83/><T34/><D117/><U68/><E63/><V122/><F122/><W22/><G60/><T111/><D111/><U5/><E5/><V67/><F89/><W49/><G62/><T120/><D120/><U123/><E123/><V46/><F46/><W41/><G51/><T27/><D78/><U94/><E94/><V82/><F80/><W110/><G49/><T55/><D8/><N who="1" m="2127" /><E16/><N who="2" m="8271" /><F67/><W126/><G133/><T103/><D2/><U50/><E50/><AGARI ba="0,0" hai="24,27,30,31,32,34,50,55,58,74,75,95,98,103" machi="50" ten="30,11600,0" yaku="7,1,9,1,52,2" doraHai="25" who="0" fromWho="1" sc="250,116,250,-116,250,0,250,0" /><INIT seed="0,1,0,5,2,118" ten="366,134,250,250" oya="0" hai0="89,121,95,69,133,126,103,2,130,87,46,124,92" hai1="100,36,129,106,74,59,30,109,79,32,45,25,0" hai2="116,123,19,114,11,91,102,63,101,40,39,5,16" hai3="105,98,75,88,28,70,85,73,128,29,49,53,60"/><T17/><D69/><U108/><E129/><V7/><F114/><W41/><G128/><T90/><D2/><U10/><E59/><V82/><F123/><W31/><G41/><T61/><D130/><U23/><E23/><V51/><F39/><W83/><G105/><T12/><D61/><U72/><E108/><V81/><F116/><W65/><REACH who="3" step="1"/><G98/><REACH who="3" ten="366,134,250,240" step="2"/><T27/><D126/><U134/><E109/><V78/><F40/><W113/><G113/><T77/><D124/><U110/><E110/><V13/><F102/><W125/><G125/><T131/><D103/><U119/><E100/><V80/><F101/><W6/><G6/><T26/><D131/><U15/><E106/><V9/><F91/><W22/><G22/><T47/><D90/><U55/><E119/><V57/><F78/><W127/><G127/><T117/><D77/><U20/><E79/><V112/><F112/><W64/><G64/><T33/><D117/><U38/><E20/><V67/><REACH who="2" step="1"/><F51/><REACH who="2" ten="366,134,240,240" step="2"/><W50/><G50/><T104/><D89/><U34/><E38/><V3/><AGARI ba="1,2" hai="3,5,7,9,11,13,16,19,57,63,67,80,81,82" machi="3" ten="30,8000,1" yaku="1,1,2,1,0,1,54,1,53,1" doraHai="118" doraHaiUra="58" who="2" fromWho="2" sc="366,-41,134,-21,240,103,240,-21" /><INIT seed="1,0,0,4,5,24" ten="325,113,343,219" oya="1" hai0="30,132,83,84,17,99,96,106,51,60,54,49,69" hai1="78,35,88,22,28,108,41,56,66,86,63,129,112" hai2="26,58,76,107,70,92,109,68,72,133,12,113,6" hai3="115,57,50,61,25,120,81,31,7,64,104,82,67"/><U46/><E112/><V18/><F107/><W79/><G120/><T29/><D132/><U4/><E129/><V101/><F133/><W123/><G123/><T19/><D106/><U59/><E35/><V11/><F109/><W121/><G121/><T105/><D105/><U44/><E108/><V87/><F72/><W8/><G104/><T14/><D69/><U97/><E4/><V116/><F116/><W103/><G103/><T94/><D60/><U126/><E126/><V40/><F40/><W5/><G115/><T45/><D51/><U71/><E78/><V38/><F38/><W124/><G124/><T135/><D19/><U117/><E97/><N who="0" m="37449" /><D94/><U118/><E118/><V37/><F37/><W65/><G50/><T128/><D128/><U127/><E127/><V16/><F101/><W21/><G7/><T91/><D135/><U73/><E73/><V52/><F113/><W27/><G27/><T15/><D15/><U32/><E32/><V43/><F70/><W42/><G42/><T62/><D62/><U93/><E117/><V74/><F43/><W114/><G114/><T125/><D125/><U36/><REACH who="1" step="1"/><E44/><REACH who="1" ten="325,103,343,219" step="2"/><V90/><F74/><W53/><REACH who="3" step="1"/><G79/><REACH who="3" ten="325,103,343,209" step="2"/><T39/><D39/><U34/><E34/><V3/><F76/><W95/><G95/><T102/><D102/><U75/><E75/><V134/><F134/><W48/><G48/><T9/><AGARI ba="0,2" hai="9,14,17,29,30,45,49,54,83,84,91" m="37449" machi="9" ten="30,7900,0" yaku="25,1,8,1,52,2" doraHai="24" who="0" fromWho="0" sc="325,99,103,-39,343,-20,209,-20" /><INIT seed="2,0,0,4,3,129" ten="424,64,323,189" oya="2" hai0="116,47,125,133,15,16,54,39,92,31,49,63,128" hai1="87,67,51,23,4,81,130,90,71,101,114,86,36" hai2="38,59,132,107,79,70,11,48,118,46,124,65,22" hai3="97,9,14,1,83,33,131,64,13,3,115,12,5"/><V53/><F107/><W77/><G131/><T34/><D128/><U73/><E130/><V27/><F118/><W20/><G115/><T75/><D116/><U37/><E114/><V60/><F124/><W74/><G33/><T57/><D125/><U104/><E73/><V40/><F79/><W50/><G3/><T29/><D75/><U8/><E104/><V68/><F11/><W26/><G64/><T127/><D127/><U17/><E101/><V98/><F98/><W52/><G97/><T119/><D119/><U100/><E100/><V2/><F2/><W30/><REACH who="3" step="1"/><G1/><REACH who="3" ten="424,64,323,179" step="2"/><T96/><D34/><U117/><E117/><V41/><F70/><W6/><G6/><T69/><D96/><U91/><E67/><V76/><F41/><W109/><G109/><T122/><D69/><U108/><E71/><V35/><F35/><W56/><AGARI ba="0,1" hai="5,9,12,13,14,20,26,30,50,52,56,74,77,83" machi="56" ten="20,5200,0" yaku="1,1,0,1,7,1,54,1,53,0" doraHai="129" doraHaiUra="120" who="3" fromWho="3" sc="424,-13,64,-13,323,-26,179,62" /><INIT seed="3,0,0,2,1,123" ten="411,51,297,241" oya="3" hai0="65,116,117,76,121,36,64,18,109,31,14,113,89" hai1="42,12,30,38,78,133,107,100,6,129,94,85,120" hai2="2,66,22,44,3,49,20,122,33,131,27,25,50" hai3="60,62,77,86,118,19,59,58,102,95,83,108,112"/><W73/><G112/><T34/><D36/><U45/><E120/><V4/><F122/><W29/><G118/><T53/><D121/><U23/><E129/><V125/><F131/><W52/><G29/><T71/><D76/><U126/><E126/><V26/><F125/><W7/><G7/><T84/><D113/><U103/><E133/><V105/><F105/><W96/><G73/><T114/><D114/><U8/><E107/><V0/><F66/><W68/><G68/><T16/><D31/><U32/><E32/><V134/><F134/><W81/><G81/><T119/><D34/><U72/><E72/><V47/><F4/><W55/><REACH who="3" step="1"/><G19/><REACH who="3" ten="411,51,297,231" step="2"/><T104/><D71/><U93/><E78/><V99/><F33/><W39/><G39/><T57/><D18/><U17/><E30/><V115/><F115/><W10/><G10/><T79/><D16/><U21/><E21/><V13/><F22/><W111/><AGARI ba="0,1" hai="52,55,58,59,60,62,77,83,86,95,96,102,108,111" machi="111" ten="30,18000,2" yaku="1,1,0,1,9,1,52,2,54,1,53,0" doraHai="123" doraHaiUra="132" who="3" fromWho="3" sc="411,-60,51,-60,297,-60,231,190" owari="351,15.0,-9,-51.0,237,-16.0,421,52.0" /></mjloggm>