<mjloggm ver="2.3"><GO type="169" lobby="0"/><UN n0="%E4%BE%8D" n1="%E5%A4%8F%E6%81%8B%E8%8A%B1%E7%81%AB" n2="%6E%7A%6B" n3="%E3%82%8A%E3%82%80%E3%81%A1%E3%82%88%E3%82%8D%E3%81%A3" dan="17,17,16,16" rate="2124.74,2250.08,2071.34,2149.42" sx="M,M,M,M"/><TAIKYOKU oya="0"/><INIT seed="0,0,0,4,4,8" ten="250,250,250,250" oya="0" hai0="126,104,0,55,107,81,65,62,58,13,88,5,121" hai1="84,36,89,129,63,37,61,22,50,111,90,18,53" hai2="57,76,82,51,2,26,35,69,105,19,85,87,48" hai3="131,128,32,109,10,54,70,73,83,20,124,64,29"/><T12/><D121/><U71/><E111/><V119/><F69/><W130/><G109/><T133/><D0/><U56/><E129/><V21/><F105/><W14/><G124/><T94/><D107/><U47/><E71/><V106/><F106/><W31/><G54/><T114/><D104/><U49/><E36/><V91/><F2/><W33/><G83/><T93/><D114/><U80/><E37/><V3/><F3/><W135/><G73/><T112/><D112/><U60/><E90/><V11/><F11/><W52/><G52/><T102/><D133/><U24/><REACH who="1" step="1"/><E50/><REACH who="1" ten="250,240,250,250" step="2"/><V39/><F39/><W122/><G70/><T99/><D126/><U17/><E17/><V100/><F51/><W38/><G38/><T43/><D5/><U68/><E68/><V66/><F48/><W116/><G122/><T115/><D115/><U42/><AGARI ba="0,1" hai="18,22,24,42,47,49,53,56,60,61,63,80,84,89" machi="42" ten="20,8000,1" yaku="1,1,0,1,7,1,8,1,53,1" doraHai="8" doraHaiUra="79" who="1" fromWho="1" sc="250,-40,240,90,250,-20,250,-20" /><INIT seed="1,0,0,4,3,70" ten="210,330,230,230" oya="1" hai0="114,22,111,12,48,52,122,21,29,106,1,42,24" hai1="109,26,115,131,27,18,37,35,55,85,2,0,34" hai2="4,97,99,77,104,107,49,19,105,61,10,87,101" hai3="108,23,65,82,118,113,128,94,116,79,16,7,20"/><U50/><E115/><V31/><F31/><W33/><G113/><T125/><D114/><U98/><E131/><V129/><F129/><W81/><G128/><T39/><D106/><U43/><E109/><V74/><F74/><W95/><G108/><T103/><D1/><U89/><E98/><V63/><F49/><W51/><G33/><T120/><D111/><U84/><E18/><V62/><F19/><W15/><G65/><T57/><D103/><U64/><E64/><V88/><F77/><W5/><G51/><T32/><D125/><U126/><E126/><V96/><F101/><W91/><G79/><T119/><D119/><N who="3" m="45609" /><G23/><T30/><D12/><U135/><E135/><V133/><F133/><W13/><G94/><T68/><D68/><U71/><E71/><V25/><F25/><W3/><G15/><T110/><D110/><U59/><E27/><V46/><F46/><W54/><G54/><T83/><D83/><N who="3" m="31753" /><G3/><T67/><D67/><U117/><E117/><V17/><F17/><W6/><G6/><T38/><D42/><U127/><E127/><V66/><F66/><W69/><G69/><T86/><D86/><AGARI ba="0,0" hai="5,7,13,16,20,86,91,95" m="31753,45609" machi="86" ten="30,2000,0" yaku="12,1,54,1" doraHai="70" who="3" fromWho="0" sc="210,-20,330,0,230,0,230,20" /><INIT seed="2,0,0,0,1,7" ten="190,330,230,250" oya="2" hai0="65,104,54,56,99,32,79,2,12,9,114,93,68" hai1="3,90,5,27,100,86,38,115,6,80,15,33,16" hai2="49,133,73,14,21,122,58,71,134,107,125,111,82" hai3="42,109,70,85,40,57,127,96,89,64,24,128,10"/><V135/><F122/><W98/><G109/><T44/><D114/><U17/><E38/><V81/><F71/><W120/><G120/><T116/><D32/><U94/><E115/><V119/><F119/><W101/><G127/><T130/><D2/><U72/><E3/><V59/><F125/><W39/><G70/><T113/><D113/><U76/><E33/><V102/><F111/><W43/><G128/><T50/><D130/><U69/><E69/><V77/><F81/><W118/><G118/><T31/><D116/><U103/><E27/><V131/><F131/><W41/><G39/><T35/><D104/><U8/><E5/><V112/><F112/><W88/><G89/><T129/><D129/><U48/><E48/><V132/><N who="2" m="33792" /><DORA hai="62" /><V1/><F1/><W105/><G96/><T87/><D35/><U55/><E55/><V0/><F0/><W61/><N who="3" m="10240" /><DORA hai="52" /><W53/><G24/><T78/><D31/><U30/><E30/><V36/><F49/><W74/><G74/><T26/><D26/><U95/><E95/><V97/><F36/><W4/><G53/><T60/><D87/><U123/><E123/><V19/><AGARI ba="0,0" hai="14,19,21,58,59,73,77,82,97,102,107" m="33792" machi="19" ten="60,12000,1" yaku="0,1,20,1,52,2" doraHai="7,62,52" who="2" fromWho="2" sc="190,-40,330,-40,230,120,250,-40" /><INIT seed="2,1,0,2,2,40" ten="150,290,350,210" oya="2" hai0="45,97,12,122,30,36,41,123,68,33,118,37,15" hai1="93,126,26,74,17,120,96,89,98,9,49,112,28" hai2="31,25,115,73,13,32,67,27,94,79,70,20,58" hai3="129,128,14,56,124,87,133,119,21,110,0,38,62"/><V106/><F115/><W5/><G119/><T65/><D118/><U134/><E112/><V52/><F106/><W84/><G38/><T60/><D12/><U130/><E74/><V80/><F13/><W64/><G110/><T109/><D109/><U135/><E120/><V101/><F70/><W107/><G107/><T34/><D15/><U91/><E130/><N who="3" m="50282" /><G124/><T117/><D117/><U90/><E126/><V114/><F114/><W54/><G133/><N who="1" m="50698" /><E49/><V113/><F67/><W78/><G78/><T11/><D11/><U116/><E116/><V6/><F6/><W23/><G64/><T46/><D97/><N who="1" m="37483" /><E17/><V61/><F113/><W111/><G111/><T3/><D3/><U1/><E9/><V24/><REACH who="2" step="1"/><F32/><REACH who="2" ten="150,290,340,210" step="2"/><W131/><G131/><T92/><D34/><N who="1" m="20759" /><E1/><V2/><F2/><W42/><G0/><T19/><D123/><U71/><E71/><V75/><F75/><W39/><G5/><T125/><D122/><U53/><E53/><V108/><F108/><W22/><G14/><T47/><D125/><U10/><E10/><V16/><F16/><W43/><G43/><T8/><D41/><U35/><E35/><V86/><F86/><AGARI ba="1,1" hai="86,89,90,91,93" m="20759,37483,50698" machi="86" ten="30,1000,0" yaku="20,1" doraHai="40" who="1" fromWho="2" sc="150,0,290,23,340,-13,210,0" /><INIT seed="3,0,0,5,0,104" ten="150,313,327,210" oya="3" hai0="85,57,108,60,50,51,38,90,24,97,45,130,42" hai1="84,58,77,102,23,131,66,32,118,43,80,109,1" hai2="7,47,15,37,113,6,48,75,121,40,81,132,135" hai3="56,116,21,128,122,71,67,53,13,28,36,19,65"/><W76/><G116/><T16/><D108/><U34/><E118/><V117/><F117/><W49/><G122/><T92/><D130/><U30/><E109/><V55/><F113/><W26/><G128/><T112/><D112/><U93/><E131/><V126/><F121/><W29/><G36/><T79/><D79/><U74/><E1/><V101/><F101/><W107/><G107/><T78/><D78/><U115/><E115/><V61/><F61/><W41/><G41/><T111/><D111/><U114/><E114/><V10/><F126/><W106/><G106/><T123/><D123/><U14/><E43/><V27/><F27/><W59/><G71/><T96/><D38/><U46/><E46/><V62/><F62/><W33/><G76/><T125/><D51/><U35/><E14/><V91/><F7/><W103/><G103/><T119/><D125/><U89/><E102/><V11/><F11/><W4/><G29/><T87/><D97/><U39/><E39/><V8/><F8/><W83/><G83/><T100/><D100/><U2/><E2/><V20/><F20/><W86/><G86/><T0/><D0/><U70/><E70/><V22/><F22/><W127/><G127/><T25/><D119/><U105/><E105/><V31/><F31/><W134/><G134/><N who="2" m="51241" /><F91/><W9/><REACH who="3" step="1"/><G59/><REACH who="3" ten="150,313,327,200" step="2"/><T68/><D68/><U133/><E133/><V82/><F37/><W63/><G63/><T95/><D60/><N who="1" m="38167" /><E30/><V98/><F40/><W88/><G88/><N who="0" m="55399" /><D57/><U18/><E77/><N who="2" m="44223" /><F82/><W12/><AGARI ba="0,1" hai="4,9,12,13,19,21,26,28,33,49,53,56,65,67" machi="12" ten="20,7800,0" yaku="1,1,0,1,7,1,53,1" doraHai="104" doraHaiUra="54" who="3" fromWho="3" sc="150,-26,313,-26,327,-26,200,88" /><INIT seed="3,1,0,5,3,18" ten="124,287,301,288" oya="3" hai0="24,64,133,56,16,114,108,34,68,101,120,100,125" hai1="41,63,17,116,20,30,126,90,55,82,57,92,118" hai2="49,80,12,103,36,31,117,53,128,98,129,69,3" hai3="44,102,95,105,43,15,104,71,75,58,113,23,79"/><W93/><G71/><T119/><D119/><N who="1" m="45611" /><E126/><V50/><F117/><W38/><G113/><T66/><D120/><U115/><E115/><V0/><F69/><W27/><G75/><T40/><D114/><U48/><E30/><V54/><F36/><W124/><G79/><T94/><D68/><U134/><E134/><V32/><F12/><W121/><G124/><T52/><D125/><U33/><E33/><V8/><F8/><W111/><G121/><T21/><D108/><U62/><E82/><V70/><F70/><W45/><G111/><T99/><D133/><U10/><E10/><V96/><F80/><W7/><G44/><T89/><D40/><U88/><E41/><V106/><F31/><W131/><G131/><N who="2" m="50249" /><F32/><W46/><G46/><T19/><D19/><U6/><E6/><V84/><F84/><W5/><G58/><T87/><D34/><U25/><E90/><V47/><F98/><AGARI ba="1,0" hai="17,20,25,48,55,57,62,63,88,92,98" m="45611" machi="98" ten="30,3900,0" yaku="12,1,52,1,54,1" doraHai="18" who="1" fromWho="2" sc="124,0,287,42,301,-42,288,0" /><INIT seed="4,0,0,4,3,5" ten="124,329,259,288" oya="0" hai0="0,112,87,101,46,128,61,20,27,4,131,70,107" hai1="97,78,57,63,99,82,32,29,28,69,11,56,129" hai2="48,47,120,72,67,74,92,35,36,26,86,85,40" hai3="33,96,59,34,53,104,121,132,79,116,124,77,83"/><T110/><D112/><U105/><E129/><N who="0" m="49737" /><D110/><U43/><E43/><V122/><F67/><W102/><G116/><T108/><D108/><U90/><E69/><V91/><F36/><W21/><G132/><T80/><D107/><U51/><E105/><V6/><F35/><W22/><G124/><T8/><D101/><U89/><E32/><V134/><F134/><W39/><G39/><T125/><D46/><U44/><E97/><V93/><F26/><W24/><G79/><N who="0" m="46495" /><D125/><U115/><E115/><V135/><F135/><W2/><G2/><T15/><D0/><U12/><E99/><V16/><F6/><W118/><G118/><T84/><D84/><N who="1" m="48215" /><E28/><V60/><F120/><W94/><G104/><T103/><D103/><U7/><E29/><V3/><F3/><W25/><G121/><T37/><D37/><U54/><E44/><V45/><F45/><W113/><G113/><T38/><D38/><U64/><AGARI ba="0,0" hai="7,11,12,51,54,56,57,63,64,89,90" m="48215" machi="64" ten="30,2000,0" yaku="8,1,52,1" doraHai="5" who="1" fromWho="1" sc="124,-10,329,20,259,-5,288,-5" /><INIT seed="5,0,0,2,4,83" ten="114,349,254,283" oya="1" hai0="123,45,57,79,13,103,12,15,62,48,117,135,85" hai1="35,88,60,31,113,28,115,111,14,93,64,26,120" hai2="7,121,33,54,47,104,50,90,22,76,38,34,134" hai3="94,98,68,132,19,77,58,37,131,17,29,21,8"/><U129/><E120/><V78/><F121/><W82/><G68/><T116/><D135/><U73/><E73/><V112/><F104/><W41/><G132/><T46/><D123/><U39/><E39/><V52/><F134/><W51/><G131/><T91/><D103/><U42/><E129/><V25/><F38/><W109/><G109/><T126/><D126/><U71/><E111/><V6/><F90/><W27/><G37/><T130/><D130/><U67/><E42/><V11/><F112/><N who="1" m="43081" /><E14/><V2/><F54/><W118/><G8/><T89/><D117/><U105/><E105/><V81/><F7/><W122/><G118/><T36/><D36/><U87/><E28/><V18/><REACH who="2" step="1"/><F76/><REACH who="2" ten="114,349,244,283" step="2"/><W124/><G122/><T101/><D116/><U56/><E64/><V63/><F63/><W9/><G77/><T128/><D128/><U32/><E32/><V102/><F102/><W0/><G41/><T86/><D101/><U23/><E35/><V72/><AGARI ba="0,1" hai="2,6,11,18,22,25,33,34,47,50,52,72,78,81" machi="72" ten="20,8000,1" yaku="1,1,0,1,7,1,54,1,53,1" doraHai="83" doraHaiUra="3" who="2" fromWho="2" sc="114,-20,349,-40,244,90,283,-20" /><INIT seed="6,0,0,3,1,53" ten="94,309,334,263" oya="2" hai0="37,130,19,32,92,99,105,70,97,0,45,90,15" hai1="29,57,79,120,89,9,27,8,14,114,85,21,100" hai2="58,54,115,122,17,43,49,25,111,40,7,41,91" hai3="107,5,80,33,126,132,112,74,46,61,24,109,135"/><V95/><F122/><W60/><G109/><T36/><D130/><U83/><E114/><V64/><F115/><W12/><G112/><T68/><D0/><U66/><E120/><V30/><F7/><W50/><G107/><T77/><D32/><U125/><E125/><V110/><F17/><W44/><G126/><T31/><D31/><U13/><E100/><V101/><F101/><W6/><G33/><T123/><D123/><U88/><E13/><V42/><N who="2" m="10240" /><DORA hai="63" /><V28/><F64/><W1/><G24/><T10/><D77/><U69/><E69/><V18/><F18/><W124/><G12/><T108/><D108/><N who="2" m="41514" /><F25/><W103/><G103/><T86/><D105/><U113/><E113/><V72/><F72/><W76/><G124/><T96/><REACH who="0" step="1"/><D45/><REACH who="0" ten="84,309,334,263" step="2"/><U52/><E79/><V71/><F28/><W102/><G46/><T3/><D3/><U38/><E38/><AGARI ba="0,1" hai="10,15,19,36,37,38,68,70,86,90,92,96,97,99" machi="38" ten="40,1300,0" yaku="1,1,53,0" doraHai="53,63" doraHaiUra="121,51" who="0" fromWho="1" sc="84,23,309,-13,334,0,263,0" /><INIT seed="7,0,0,0,3,55" ten="107,296,334,263" oya="3" hai0="28,63,116,18,119,94,73,35,117,25,125,112,12" hai1="71,88,54,3,132,1,131,121,14,82,105,114,6" hai2="95,102,113,60,29,76,38,43,22,74,20,107,42" hai3="16,122,37,120,56,68,4,109,80,52,58,11,45"/><W65/><G109/><T97/><D73/><U57/><E121/><V135/><F107/><W31/><G31/><T26/><D94/><U83/><E105/><V123/><F123/><W101/><G101/><T5/><D97/><U48/><E71/><V128/><F113/><W62/><G16/><T41/><D63/><U111/><E111/><V91/><F128/><W75/><G68/><T23/><D41/><U0/><E114/><V110/><F110/><W129/><G129/><T36/><D36/><U67/><E131/><V7/><F135/><W17/><G17/><T100/><D100/><U98/><E132/><V115/><F115/><W10/><G10/><T118/><N who="0" m="29696" /><DORA hai="34" /><T19/><D112/><U46/><E1/><V79/><F7/><W108/><G108/><T33/><D125/><U124/><E0/><V40/><F38/><W127/><G127/><T81/><D81/><N who="1" m="30731" /><E3/><V44/><F74/><W49/><G37/><T99/><D99/><U39/><E39/><V2/><F2/><W87/><G75/><T72/><D72/><U69/><E69/><V70/><F70/><W9/><G45/><T89/><D89/><U85/><E98/><N who="2" m="57727" /><F44/><W134/><G134/><T15/><D5/><U66/><E46/><V27/><F102/><W8/><REACH who="3" step="1"/><G4/><REACH who="3" ten="107,296,334,253" step="2"/><T93/><D93/><N who="1" m="54415" /><E124/><V84/><F29/><W61/><G61/><T53/><D53/><U21/><E6/><V50/><F60/><W133/><G133/><T103/><D103/><U32/><E32/><N who="0" m="12361" /><D28/><U51/><E51/><V106/><F50/><W47/><G47/><T86/><D86/><U77/><E77/><AGARI ba="0,1" hai="8,9,11,49,52,56,58,62,65,77,80,87,120,122" machi="77" ten="40,18000,2" yaku="1,1,6,1,52,2,54,1,53,1" doraHai="55,34" doraHaiUra="64,78" who="3" fromWho="1" sc="107,0,296,-180,334,0,253,190" owari="107,-39.0,116,-28.0,334,13.0,443,54.0" /></mjloggm>