<mjloggm ver="2.3"><GO type="169" lobby="0"/><UN n0="%E3%81%82%E3%81%9F%E3%81%8B%E3%81%AA" n1="%E3%81%91%E3%81%9F%E3%82%93" n2="%E3%81%B2%E3%81%8B%E3%81%B2%E3%81%8B" n3="%EF%BC%8A%E7%B4%97%E5%BC%A5%E8%8F%AF%EF%BC%8A" dan="16,16,16,17" rate="2093.50,2069.40,2128.86,2151.35" sx="M,M,M,F"/><TAIKYOKU oya="0"/><INIT seed="0,0,0,5,1,41" ten="250,250,250,250" oya="0" hai0="93,42,99,103,80,132,107,28,79,121,109,44,25" hai1="116,72,96,95,52,47,53,125,123,78,57,101,43" hai2="37,134,59,6,108,71,94,64,45,26,90,87,18" hai3="35,117,63,131,124,17,23,128,55,27,20,126,62"/><T14/><D132/><U4/><E123/><V19/><F108/><W105/><G105/><T32/><D121/><U112/><E116/><V81/><F71/><W49/><G35/><T86/><D109/><U97/><E125/><N who="3" m="48234" /><G23/><T118/><D118/><U102/><E112/><V39/><F6/><W75/><G75/><T0/><D0/><U54/><E4/><V60/><F134/><W30/><G30/><T113/><D14/><U46/><E43/><V5/><F5/><W22/><G22/><T89/><D113/><U33/><E33/><V21/><F18/><W70/><G70/><T16/><D16/><U69/><E69/><V12/><F12/><W56/><G117/><T11/><D11/><U61/><E78/><V104/><F104/><W29/><G29/><T122/><D122/><U66/><REACH who="1" step="1"/><E72/><REACH who="1" ten="250,240,250,250" step="2"/><V50/><REACH who="2" step="1"/><F81/><REACH who="2" ten="250,240,240,250" step="2"/><W85/><G131/><T7/><D7/><U115/><E115/><V73/><F73/><W114/><G128/><T88/><REACH who="0" step="1"/><D107/><AGARI ba="0,2" hai="46,47,52,53,54,57,61,66,95,96,97,101,102,107" machi="107" ten="40,8000,1" yaku="1,1,52,2,54,1,53,0" doraHai="41" doraHaiUra="3" who="1" fromWho="0" sc="250,-80,240,100,240,0,250,0" /><INIT seed="1,0,0,4,2,96" ten="170,340,240,250" oya="1" hai0="111,5,3,17,79,134,8,19,82,91,16,75,68" hai1="78,21,32,45,97,95,49,72,98,135,39,42,77" hai2="118,131,87,113,40,22,104,66,74,2,60,15,129" hai3="119,43,14,0,31,51,88,101,30,11,12,115,122"/><U29/><E32/><V36/><F74/><W99/><G122/><T116/><D111/><U25/><E135/><V112/><F104/><W46/><G115/><T102/><D134/><U100/><E72/><V61/><F2/><W69/><G69/><T18/><D116/><U35/><E35/><V123/><F87/><W128/><G119/><T59/><D68/><U20/><E39/><V57/><F118/><W110/><G110/><T109/><D109/><U85/><E85/><V10/><F22/><W126/><G128/><N who="2" m="49225" /><F123/><W4/><G126/><T1/><D59/><U27/><REACH who="1" step="1"/><E98/><REACH who="1" ten="170,330,240,250" step="2"/><V103/><F113/><W33/><G33/><T107/><N who="0" m="4096" /><DORA hai="106" /><T63/><D75/><U24/><E24/><V86/><F86/><W55/><G99/><T34/><D34/><U6/><E6/><V73/><F73/><W132/><G4/><T108/><D108/><U9/><E9/><V76/><F10/><W105/><G11/><T50/><D5/><U48/><E48/><V23/><F23/><W28/><G51/><T121/><D50/><U37/><E37/><V130/><F36/><W38/><G38/><T58/><D8/><U56/><E56/><V117/><F57/><W81/><G132/><T52/><D121/><U80/><E80/><V62/><F130/><W83/><G81/><T53/><D1/><U67/><E67/><V125/><F66/><W70/><G83/><T84/><D3/><U44/><E44/><V127/><F112/><W13/><G46/><T120/><D120/><U41/><E41/><V114/><F40/><W71/><G43/><T89/><D53/><RYUUKYOKU ba="0,1" sc="170,15,330,15,240,-15,250,-15" hai0="52,58,63,79,82,84,89,91,102,107" hai1="20,21,25,27,29,42,45,49,77,78,95,97,100" /><INIT seed="1,1,1,1,4,55" ten="185,345,225,235" oya="1" hai0="92,5,100,86,12,80,28,63,118,120,91,65,57" hai1="77,45,64,112,76,96,133,111,124,117,127,119,4" hai2="115,62,122,21,79,15,89,102,109,20,85,106,99" hai3="42,59,22,49,0,37,128,2,123,38,61,130,58"/><U87/><E4/><V24/><F122/><W113/><G123/><T132/><D120/><U68/><E45/><V107/><F109/><W88/><G22/><T34/><D132/><U1/><E1/><V93/><F107/><W14/><G14/><T110/><D110/><U19/><E19/><V29/><F115/><W135/><G113/><T36/><D36/><N who="3" m="13929" /><G135/><T46/><D118/><U71/><E64/><V52/><F79/><N who="1" m="30281" /><E112/><V98/><F98/><W50/><G88/><T44/><D34/><U41/><E41/><V114/><F114/><W104/><G104/><T40/><D28/><U43/><E43/><V9/><F21/><W73/><G73/><T3/><D3/><N who="3" m="1065" /><G61/><T75/><D40/><U30/><E87/><V108/><F108/><W10/><G10/><N who="0" m="4175" /><D75/><U126/><E111/><V67/><F67/><W116/><G116/><N who="1" m="44618" /><E133/><V103/><F85/><W83/><G83/><T81/><D80/><U6/><E96/><AGARI ba="1,1" hai="44,46,57,63,65,81,86,91,92,96,100" m="4175" machi="96" ten="30,2000,0" yaku="8,1,52,1" doraHai="55" who="0" fromWho="1" sc="185,33,345,-23,225,0,235,0" /><INIT seed="2,0,0,2,0,126" ten="218,322,225,235" oya="2" hai0="42,34,51,23,28,78,69,7,50,133,4,131,56" hai1="107,37,106,132,82,27,49,116,97,66,11,112,120" hai2="18,47,90,108,75,103,62,67,89,25,19,0,73" hai3="59,102,86,35,93,61,1,84,52,76,54,33,121"/><V60/><F0/><W40/><G1/><T111/><D69/><U87/><E37/><V63/><F67/><W12/><G121/><T110/><D34/><U104/><E116/><V129/><F103/><W16/><G35/><T130/><D133/><U6/><E120/><V24/><F47/><W21/><G33/><T134/><D134/><U109/><E132/><V79/><F79/><W91/><G40/><T43/><D78/><U127/><E66/><V55/><F55/><W44/><G102/><T74/><D23/><U32/><E127/><V94/><F108/><N who="0" m="41514" /><D28/><U122/><E112/><V77/><F77/><W135/><G135/><T38/><D74/><U8/><E32/><V68/><F68/><W92/><G44/><N who="0" m="23639" /><D43/><U2/><E122/><V17/><F94/><W39/><G39/><T36/><D36/><U81/><E107/><V65/><F65/><N who="3" m="39103" /><G93/><T88/><D88/><N who="2" m="33898" /><F129/><N who="0" m="49162" /><D56/><U114/><E106/><V45/><F45/><W85/><G76/><T113/><D113/><U128/><E104/><V100/><F100/><W70/><G70/><T124/><D124/><U9/><E128/><V105/><F105/><W5/><G5/><AGARI ba="0,0" hai="4,5,7,50,51" m="49162,23639,41514" machi="5" ten="30,8000,1" yaku="14,1,19,1,52,3" doraHai="126" who="0" fromWho="3" sc="218,80,322,0,225,0,235,-80" /><INIT seed="3,0,0,4,2,74" ten="298,322,225,155" oya="3" hai0="23,81,73,95,12,126,134,34,15,119,78,131,36" hai1="64,2,29,92,96,8,70,6,123,65,72,3,133" hai2="117,86,33,114,42,108,49,99,39,13,109,20,130" hai3="46,56,47,71,59,112,121,128,51,50,40,89,79"/><W91/><G121/><T118/><D34/><U63/><E123/><V25/><F39/><W55/><G112/><T104/><D104/><U68/><E133/><V52/><F42/><W135/><G135/><T77/><D134/><U4/><E29/><V43/><F43/><W17/><G128/><T32/><D32/><U44/><E44/><V62/><F62/><W9/><G71/><T1/><D1/><U37/><E72/><V38/><F38/><W58/><REACH who="3" step="1"/><G79/><REACH who="3" ten="298,322,225,145" step="2"/><T7/><D77/><U27/><E70/><V21/><F114/><W129/><G129/><T101/><D78/><U22/><E68/><V10/><F130/><W127/><G127/><T67/><D126/><U18/><E37/><V111/><F117/><W120/><G120/><T30/><D36/><U90/><E63/><V41/><F111/><W125/><G125/><T24/><D131/><U122/><E122/><V16/><F109/><W107/><G107/><T85/><D119/><U113/><E113/><V61/><F108/><W5/><G5/><T84/><D7/><U105/><E105/><V0/><F99/><W69/><G69/><T88/><D118/><U116/><E116/><V60/><F86/><W28/><G28/><T76/><D85/><U94/><E6/><V19/><F61/><W98/><G98/><N who="0" m="59615" /><D76/><U82/><E3/><V97/><F60/><W75/><G75/><T124/><D124/><U57/><E2/><V35/><F97/><W115/><G115/><T110/><D73/><U87/><E4/><N who="2" m="1287" /><F41/><W48/><G48/><T45/><D110/><U102/><E87/><V54/><F49/><RYUUKYOKU ba="0,1" sc="298,-15,322,-15,225,15,145,15" hai2="13,16,19,20,21,25,33,35,52,54" hai3="9,17,40,46,47,50,51,55,56,58,59,89,91" /><INIT seed="3,1,1,2,5,79" ten="283,307,240,160" oya="3" hai0="125,60,104,108,64,115,87,31,118,3,43,66,121" hai1="113,10,111,35,9,25,83,42,30,57,110,82,73" hai2="0,93,135,74,134,97,41,129,48,11,54,7,95" hai3="68,33,117,15,47,37,63,119,78,109,127,132,88"/><W53/><G33/><T22/><D108/><U19/><E73/><V21/><F74/><W49/><G109/><T126/><D104/><U58/><E42/><V23/><F41/><W99/><G132/><N who="2" m="50729" /><F129/><W76/><G127/><T5/><D118/><U86/><E113/><V34/><F34/><W29/><G29/><T67/><D121/><U94/><E94/><N who="2" m="35851" /><F97/><W6/><G99/><T80/><D5/><U81/><E86/><V17/><F17/><W103/><G103/><T59/><D3/><U116/><E116/><V75/><F75/><W28/><G28/><T65/><D43/><U38/><E38/><V12/><F12/><W61/><G37/><T106/><D106/><U89/><E111/><V14/><F14/><W85/><G68/><T90/><REACH who="0" step="1"/><D115/><REACH who="0" ten="273,307,240,160" step="2"/><U50/><E110/><V98/><F98/><W18/><G119/><T55/><D55/><U122/><E122/><V123/><F123/><W2/><G117/><T71/><D71/><U105/><E105/><V124/><F124/><W102/><G2/><T100/><D100/><U39/><E39/><V84/><F54/><W120/><G102/><T45/><D45/><U56/><E50/><V69/><F48/><W24/><G120/><T20/><D20/><N who="1" m="13471" /><E35/><V26/><F69/><W52/><G53/><T77/><D77/><N who="3" m="29801" /><G6/><T72/><D72/><U46/><E46/><V133/><F133/><W96/><G96/><T101/><D101/><U107/><E107/><V51/><F51/><W91/><G49/><T70/><D70/><U8/><E89/><V44/><F0/><W128/><G91/><T112/><D112/><RYUUKYOKU ba="1,2" sc="273,15,307,15,240,-15,160,-15" hai0="22,31,59,60,64,65,66,67,80,87,90,125,126" hai1="8,9,10,30,56,57,58,81,82,83" /><INIT seed="4,2,2,2,5,113" ten="288,322,225,145" oya="0" hai0="94,61,112,78,122,124,40,12,3,63,127,1,98" hai1="75,71,59,79,90,121,53,9,21,65,135,0,7" hai2="50,13,115,34,33,84,27,62,81,74,95,39,22" hai3="129,107,80,45,44,15,105,103,134,70,19,17,88"/><T100/><D112/><U51/><E121/><V25/><F39/><W10/><G70/><T101/><D122/><U49/><E135/><V108/><F108/><W24/><G134/><T118/><D40/><U96/><E71/><V130/><F130/><W86/><G129/><T106/><D78/><U133/><E65/><V126/><F74/><W104/><REACH who="3" step="1"/><G103/><REACH who="3" ten="288,322,225,135" step="2"/><T120/><D101/><U35/><E133/><V60/><F115/><W37/><G37/><T72/><D100/><U18/><E75/><V85/><F126/><W57/><G57/><T41/><D124/><U82/><E90/><V8/><F34/><W4/><G4/><T42/><D127/><U56/><E7/><V52/><F33/><W55/><G55/><T54/><D54/><U20/><E35/><V123/><F123/><W109/><G109/><T38/><D38/><U119/><E53/><V67/><F67/><W83/><G83/><T89/><D89/><U26/><E82/><V125/><F125/><W111/><G111/><T28/><D72/><U47/><E59/><V117/><F62/><W46/><G46/><T97/><D61/><U102/><E56/><V110/><F60/><W5/><G5/><T92/><D63/><U132/><E47/><V16/><F110/><W76/><G76/><T30/><D120/><U23/><E79/><V58/><F81/><W68/><G68/><T87/><D42/><U69/><E69/><V131/><F131/><W116/><G116/><T64/><D41/><U31/><E119/><V6/><F117/><W114/><G114/><T73/><D118/><U48/><E132/><RYUUKYOKU ba="2,3" sc="288,-10,322,-10,225,-10,135,30" hai3="10,15,17,19,24,44,45,80,86,88,104,105,107" /><INIT seed="5,3,3,0,3,6" ten="278,312,215,165" oya="1" hai0="80,36,17,88,104,23,100,81,62,64,13,110,58" hai1="50,115,126,72,33,119,12,130,74,39,107,66,65" hai2="46,73,15,5,22,7,71,89,41,105,16,51,76" hai3="11,2,14,128,134,85,9,27,133,70,37,103,26"/><U21/><E39/><V77/><F105/><W24/><G70/><T19/><D110/><U132/><E33/><V95/><F71/><W127/><G37/><T96/><D36/><U47/><E119/><V3/><F73/><W31/><G103/><T8/><REACH who="0" step="1"/><D88/><REACH who="0" ten="268,312,215,165" step="2"/><U59/><E126/><V1/><F1/><W86/><G127/><T108/><D108/><U113/><E130/><V122/><F122/><W20/><G128/><T32/><D32/><U44/><E132/><N who="3" m="50794" /><G31/><T28/><D28/><U90/><E90/><V67/><F67/><W43/><G43/><T18/><D18/><N who="1" m="10439" /><E66/><V116/><F116/><W131/><G131/><T87/><D87/><N who="3" m="33289" /><G2/><T120/><D120/><U129/><E129/><V48/><F3/><W61/><G61/><T49/><D49/><U123/><E123/><V45/><F5/><W4/><G4/><T55/><D55/><N who="1" m="32247" /><E65/><V75/><F75/><W10/><G20/><T35/><D35/><U68/><E74/><V78/><F7/><W79/><G79/><T125/><D125/><U57/><E72/><V121/><F121/><W111/><G111/><T114/><D114/><U38/><E38/><V97/><F77/><W118/><G118/><T30/><D30/><U94/><E115/><V112/><F112/><W84/><N who="3" m="33297" /><W117/><DORA hai="101" /><G117/><T34/><D34/><U42/><E113/><V56/><F56/><W82/><G82/><T52/><D52/><AGARI ba="3,4" hai="15,16,22,41,45,46,48,51,52,76,78,89,95,97" machi="52" ten="30,7700,0" yaku="7,1,8,1,54,2" doraHai="6,101" who="2" fromWho="0" sc="268,-86,312,0,215,126,165,0" /><INIT seed="6,0,0,0,1,116" ten="182,312,341,165" oya="2" hai0="77,60,130,32,71,90,53,45,65,72,86,70,95" hai1="58,132,8,57,120,40,54,29,115,97,35,59,74" hai2="47,22,93,127,2,37,75,64,68,103,13,92,123" hai3="88,34,122,4,66,73,30,78,99,44,38,107,63"/><V11/><F75/><W17/><G4/><T16/><D130/><U128/><E74/><V112/><F123/><W109/><G109/><T14/><D32/><U135/><E128/><V84/><F2/><W36/><G17/><T26/><D26/><N who="1" m="18871" /><E115/><V81/><F127/><W15/><G15/><T76/><D72/><U89/><E40/><V51/><F37/><W100/><G44/><T124/><D124/><U48/><E8/><V134/><F134/><N who="1" m="51241" /><E120/><V50/><F11/><W104/><G104/><T82/><D95/><AGARI ba="0,0" hai="48,54,57,58,59,89,95,97" m="51241,18871" machi="95" ten="30,1000,0" yaku="20,1" doraHai="116" who="1" fromWho="0" sc="182,-10,312,10,341,0,165,0" /><INIT seed="7,0,0,5,2,72" ten="172,322,341,165" oya="3" hai0="129,48,26,14,82,131,51,126,97,110,6,16,111" hai1="83,55,109,73,18,36,42,30,17,29,120,47,33" hai2="22,127,87,62,77,13,125,21,105,50,94,1,134" hai3="25,112,27,102,19,28,54,10,108,84,113,5,106"/><W60/><G108/><N who="0" m="41515" /><D126/><U67/><E109/><V65/><F134/><W86/><G102/><T115/><D115/><N who="3" m="44105" /><G106/><T56/><D82/><U79/><E120/><V114/><F105/><W95/><G19/><T99/><D26/><N who="3" m="9737" /><G28/><T64/><D6/><U20/><E33/><V53/><F125/><W38/><G38/><T121/><D121/><U96/><E17/><V31/><F31/><W92/><G54/><N who="0" m="31815" /><D51/><U101/><E55/><V123/><F50/><W90/><G60/><T78/><D78/><U8/><E67/><V3/><F53/><W66/><G66/><T35/><D35/><U76/><E76/><V23/><F62/><W9/><G5/><T43/><D43/><U74/><E74/><V133/><F65/><W12/><G12/><T132/><D132/><U69/><E8/><N who="3" m="3178" /><G90/><T45/><D64/><U81/><E18/><V103/><F114/><W49/><G49/><T2/><D2/><U85/><E73/><V135/><F1/><W128/><G128/><N who="0" m="49227" /><D45/><U107/><E36/><V15/><F3/><W4/><G4/><T70/><D14/><U68/><E30/><V46/><F13/><W11/><N who="3" m="3186" /><W98/><DORA hai="130" /><G98/><N who="0" m="37387" /><D16/><U124/><E124/><V100/><F103/><W57/><G57/><T59/><D59/><U104/><E104/><V39/><F39/><W93/><AGARI ba="0,0" hai="84,86,92,93,95" m="3186,9737,44105" machi="93" ten="40,7800,0" yaku="28,2,15,1" doraHai="72,130" who="3" fromWho="3" sc="172,-26,322,-26,341,-26,165,78" /><INIT seed="7,1,0,4,4,36" ten="146,296,315,243" oya="3" hai0="42,48,96,61,15,86,109,3,101,113,112,90,99" hai1="135,108,31,17,74,14,123,105,29,1,22,83,68" hai2="119,106,130,102,70,24,34,134,2,44,16,97,43" hai3="127,91,111,58,100,9,71,50,79,8,21,0,25"/><W45/><G71/><T13/><D109/><U4/><E123/><V56/><F119/><W28/><G111/><T5/><D3/><U121/><E121/><V19/><F2/><W84/><G127/><T20/><D61/><U114/><E68/><V77/><F70/><W95/><G0/><T76/><D76/><U122/><E122/><V116/><F116/><W55/><G100/><T92/><D5/><U128/><E105/><V26/><F130/><W32/><G32/><T117/><D99/><U87/><E128/><V66/><F77/><W59/><G79/><T39/><D39/><U78/><E74/><V38/><F34/><W110/><G110/><T81/><D117/><U129/><E108/><V98/><F98/><W41/><REACH who="3" step="1"/><G59/><REACH who="3" ten="146,296,315,233" step="2"/><T7/><D7/><U125/><E125/><V46/><F56/><W69/><G69/><T6/><D6/><U51/><E129/><V47/><F102/><W37/><AGARI ba="1,1" hai="8,9,21,25,28,37,41,45,50,55,58,84,91,95" machi="37" ten="20,7800,0" yaku="1,1,0,1,7,1,52,1,53,0" doraHai="36" doraHaiUra="107" who="3" fromWho="3" sc="146,-27,296,-27,315,-27,233,91" owari="119,-38.0,269,-13.0,288,9.0,324,42.0" /></mjloggm>