<mjloggm ver="2.3"><GO type="169" lobby="0"/><UN n0="%E3%83%9E%E3%83%AA%E3%83%83%E3%82%B5%E3%82%AF%E3%83%BC%E3%83%91%E3%83%BC" n1="%E3%83%A8%E3%82%B7%E3%83%AF" n2="%E3%83%80%E3%82%AF%E3%82%BF%E3%83%BC%E3%82%AF%E3%83%AA%E3%83%83%E3%83%97" n3="%E7%89%8C%E6%B5%81%E5%AE%9A%E7%9F%B3%E6%9C%80%E9%AB%98" dan="16,16,16,17" rate="2132.34,2120.97,2192.43,2147.75" sx="M,M,M,M"/><TAIKYOKU oya="0"/><INIT seed="0,0,0,1,2,69" ten="250,250,250,250" oya="0" hai0="20,39,104,83,10,129,94,55,33,29,53,1,46" hai1="97,8,38,79,86,80,100,127,70,124,11,90,66" hai2="118,15,75,64,60,92,108,130,2,42,117,82,48" hai3="31,43,126,32,25,16,106,105,112,27,113,56,116"/><T5/><D104/><U89/><E70/><V84/><F2/><W98/><G116/><T114/><D114/><U71/><E71/><V111/><F75/><W125/><G43/><T109/><D109/><N who="2" m="42058" /><F92/><W35/><G56/><T37/><D129/><U36/><E66/><V103/><F103/><W73/><G73/><T63/><D63/><U30/><E30/><V95/><F95/><W132/><G98/><T128/><D128/><U52/><E8/><V41/><F15/><W81/><G81/><T26/><D83/><U34/><E11/><V99/><F99/><W24/><G106/><T123/><D123/><U62/><E34/><N who="3" m="12842" /><G105/><T45/><D94/><N who="1" m="58423" /><E90/><N who="2" m="51479" /><F130/><W68/><G31/><T28/><D28/><U87/><E89/><V102/><F102/><W49/><G68/><T61/><D33/><U91/><E91/><V57/><F41/><W131/><G131/><T22/><D22/><U120/><E120/><V14/><F14/><W78/><G78/><T18/><D29/><U6/><E87/><V101/><F101/><W67/><G113/><T96/><D96/><U115/><E115/><V17/><F117/><W85/><G85/><T7/><D7/><U107/><E107/><V58/><F118/><W51/><G112/><T72/><D72/><U121/><E121/><V4/><F4/><W50/><G67/><T0/><D0/><U77/><E6/><V21/><F64/><W59/><G59/><N who="0" m="35055" /><D46/><U134/><E79/><V76/><F76/><W44/><G44/><T19/><D19/><U133/><E77/><V3/><F3/><W135/><G16/><T88/><D88/><RYUUKYOKU ba="0,0" sc="250,15,250,-15,250,-15,250,15" hai0="1,5,10,18,20,26,37,39,45,55" hai3="24,25,27,49,50,51,125,126,132,135" /><INIT seed="0,1,0,4,2,134" ten="265,235,235,265" oya="0" hai0="135,116,73,54,24,65,88,104,6,15,72,78,85" hai1="36,5,96,113,115,101,26,51,55,109,123,98,66" hai2="107,42,45,89,126,13,35,111,91,20,0,114,8" hai3="22,64,86,60,112,67,84,129,28,92,14,130,97"/><T57/><D116/><U69/><E123/><V119/><F111/><W56/><G112/><N who="1" m="43082" /><E109/><V32/><F114/><W120/><G67/><T80/><D135/><U90/><E36/><V133/><F133/><W63/><G63/><T18/><D104/><U70/><E5/><V125/><F107/><W30/><G120/><T93/><D6/><U105/><E66/><V4/><F119/><W1/><G1/><T71/><D65/><U53/><E26/><V106/><F106/><W77/><G14/><T61/><D24/><U131/><E131/><N who="3" m="50186" /><G77/><T87/><REACH who="0" step="1"/><D71/><REACH who="0" ten="255,235,235,265" step="2"/><U43/><E69/><V33/><F0/><W75/><G30/><T17/><D17/><U40/><E70/><V27/><F27/><N who="3" m="16503" /><G75/><T52/><D52/><U124/><E55/><V132/><F132/><W47/><G47/><T50/><D50/><U82/><E53/><V25/><F25/><W74/><G74/><T103/><D103/><AGARI ba="1,1" hai="56,60,64,84,86,92,97,103" m="16503,50186" machi="103" ten="30,2000,0" yaku="25,1,19,1" doraHai="134" who="3" fromWho="0" sc="255,-23,235,0,235,0,265,33" /><INIT seed="1,0,0,2,5,96" ten="232,235,235,298" oya="1" hai0="26,79,116,27,127,92,81,131,97,39,50,7,129" hai1="8,10,44,40,34,125,53,75,107,30,36,135,49" hai2="62,61,63,35,130,66,71,118,103,123,54,65,69" hai3="101,59,93,109,132,55,83,47,128,51,95,77,22"/><U24/><E125/><V113/><F103/><W74/><G109/><T56/><D39/><U120/><E120/><V100/><F100/><W72/><G132/><T31/><D127/><U20/><E135/><V2/><F2/><W58/><G74/><T28/><D116/><U5/><E107/><V12/><F12/><W9/><G128/><T6/><D50/><U88/><E75/><V45/><F35/><W105/><G22/><T111/><D111/><U3/><E10/><V46/><F113/><W122/><G122/><T87/><D56/><U37/><E40/><V117/><F123/><W133/><G133/><T38/><D38/><U19/><REACH who="1" step="1"/><E88/><REACH who="1" ten="232,225,235,298" step="2"/><V73/><F73/><W86/><G72/><T80/><D80/><U29/><E29/><V42/><F130/><N who="0" m="49674" /><D31/><U114/><E114/><V85/><F85/><W18/><G86/><T15/><D28/><U102/><E102/><V4/><F117/><W70/><G101/><N who="0" m="60583" /><D6/><U89/><E89/><V104/><F4/><W119/><G105/><T13/><D7/><U108/><E108/><V32/><F104/><W21/><G9/><T11/><D11/><U33/><E33/><V64/><F32/><W121/><G121/><T60/><D60/><U110/><E110/><V126/><F126/><W41/><G119/><T112/><D112/><U94/><E94/><V23/><F118/><W52/><G95/><T82/><D81/><U84/><E84/><V68/><F62/><W99/><G93/><T17/><D17/><U115/><E115/><V90/><F63/><N who="3" m="36295" /><G18/><T48/><D48/><U106/><E106/><V78/><F61/><RYUUKYOKU ba="0,1" sc="232,15,225,15,235,-15,298,-15" hai0="13,15,26,27,79,82,87" hai1="3,5,8,19,20,24,30,34,36,37,44,49,53" /><INIT seed="1,1,1,4,0,57" ten="247,240,220,283" oya="1" hai0="45,109,39,9,68,72,18,3,124,1,79,70,116" hai1="44,55,51,90,12,135,113,30,15,42,23,22,106" hai2="86,13,122,16,117,107,84,11,7,98,47,120,52" hai3="129,103,53,77,43,134,125,25,54,92,126,88,101"/><U102/><E113/><V133/><F117/><W71/><G77/><T87/><D116/><U121/><E121/><V128/><F133/><W111/><G134/><T59/><D87/><U105/><E135/><V41/><F128/><W96/><G129/><T100/><D100/><N who="3" m="38473" /><G43/><N who="0" m="22783" /><D18/><U91/><E102/><V28/><F98/><W5/><G5/><N who="0" m="1199" /><D3/><U97/><E97/><V14/><F107/><W99/><G99/><T75/><D109/><U73/><E73/><N who="0" m="28233" /><D59/><U58/><E105/><V65/><F28/><W50/><G71/><N who="0" m="27179" /><D79/><U56/><E106/><V32/><F65/><W40/><G25/><T29/><D29/><U82/><E58/><V4/><F4/><W66/><G66/><T95/><D95/><U62/><E82/><V19/><F7/><W76/><G76/><T110/><D110/><U27/><REACH who="1" step="1"/><E23/><REACH who="1" ten="247,230,220,283" step="2"/><V132/><F132/><W6/><G111/><T69/><D69/><U123/><E123/><V94/><F122/><W35/><G96/><T21/><D21/><U38/><E38/><V127/><F120/><W83/><G83/><T118/><D118/><U115/><E115/><V37/><F37/><W2/><G92/><T80/><D80/><U33/><E33/><V48/><F32/><W104/><G35/><T31/><D31/><U74/><E74/><V64/><F94/><W112/><G104/><T36/><D36/><U93/><E93/><V85/><F85/><W114/><G114/><T67/><D67/><U0/><E0/><V10/><F64/><W61/><G112/><T24/><D24/><U17/><E17/><N who="2" m="6731" /><F84/><W108/><G2/><T34/><D34/><RYUUKYOKU ba="1,2" sc="247,15,230,15,220,-15,283,-15" hai0="124" hai1="12,15,22,27,30,42,44,51,55,56,62,90,91" /><INIT seed="1,2,2,0,1,13" ten="262,245,205,268" oya="1" hai0="68,21,92,65,81,37,41,66,36,108,28,27,25" hai1="84,80,95,60,24,23,10,56,110,52,11,87,83" hai2="70,120,20,89,45,76,109,121,15,86,105,124,69" hai3="34,98,44,58,16,26,9,64,74,115,75,47,59"/><U6/><E110/><V32/><F32/><W1/><G115/><T42/><D108/><U135/><E135/><V33/><F33/><W53/><G1/><T8/><D8/><U107/><E107/><V122/><F124/><W88/><G34/><T114/><D114/><U31/><E95/><V29/><F109/><W43/><G75/><T125/><D125/><U123/><E123/><V39/><F105/><W94/><G74/><T118/><D118/><U119/><E119/><V40/><F76/><W128/><G128/><T134/><D134/><U132/><E132/><V18/><REACH who="2" step="1"/><F29/><REACH who="2" ten="262,245,195,268" step="2"/><W55/><G64/><T106/><D106/><U129/><E129/><V127/><F127/><W38/><G47/><T90/><D66/><U101/><E101/><V117/><F117/><W131/><G131/><T63/><D65/><U22/><E6/><V62/><F62/><W7/><G7/><T78/><D63/><U100/><E100/><V126/><F126/><W77/><G77/><T113/><D78/><N who="1" m="46103" /><E23/><V130/><F130/><W91/><G91/><AGARI ba="2,3" hai="10,11,22,24,31,52,56,60,83,87,91" m="46103" machi="91" ten="30,2900,0" yaku="8,1,54,1" doraHai="13" who="1" fromWho="3" sc="262,0,245,65,195,0,268,-35" /><BYE who="2" /><INIT seed="1,3,0,3,2,5" ten="262,310,195,233" oya="1" hai0="90,58,93,75,135,131,9,70,65,29,111,117,33" hai1="45,6,83,31,78,8,61,106,43,102,94,95,52" hai2="112,91,38,66,16,44,27,77,128,41,81,89,123" hai3="57,99,97,11,116,25,20,17,132,124,14,10,104"/><U49/><E31/><V34/><F34/><W129/><G124/><UN n2="%E3%83%80%E3%82%AF%E3%82%BF%E3%83%BC%E3%82%AF%E3%83%AA%E3%83%83%E3%83%97" /><T36/><D111/><U24/><E24/><V18/><F128/><W54/><G129/><T98/><D131/><U118/><E118/><V13/><F123/><W39/><G116/><T42/><D117/><U4/><E4/><V105/><F112/><W88/><G39/><T130/><D130/><U103/><E106/><V22/><F66/><W60/><G132/><T110/><D110/><U76/><E95/><V32/><F105/><W72/><G72/><T26/><D135/><U46/><E94/><V12/><F32/><W56/><G104/><T108/><D75/><U80/><E61/><V120/><F120/><W127/><G127/><T47/><D70/><U30/><E30/><V0/><F0/><W115/><G115/><T50/><D108/><U64/><E64/><V28/><F28/><W86/><G57/><T133/><D133/><U79/><E102/><V37/><F37/><W3/><G3/><T48/><REACH who="0" step="1"/><D9/><REACH who="0" ten="252,310,195,233" step="2"/><N who="3" m="3081" /><G14/><T107/><D107/><U101/><E8/><V35/><F12/><W109/><G109/><T69/><D69/><U53/><E6/><V96/><F13/><W71/><G71/><T63/><AGARI ba="3,1" hai="26,29,33,36,42,47,48,50,58,63,65,90,93,98" machi="63" ten="30,2000,0" yaku="1,1,0,1,53,0" doraHai="5" doraHaiUra="126" who="0" fromWho="0" sc="252,39,310,-13,195,-8,233,-8" /><INIT seed="2,0,0,5,2,120" ten="291,297,187,225" oya="2" hai0="55,98,80,24,41,108,117,75,12,72,110,56,22" hai1="81,130,71,126,37,15,51,85,118,76,2,59,106" hai2="19,113,88,29,40,28,111,58,8,135,107,18,27" hai3="66,93,104,3,94,91,10,121,25,49,73,30,57"/><V31/><F113/><W45/><G121/><T34/><D117/><U79/><E118/><V53/><F107/><W133/><G73/><T124/><D124/><U129/><E71/><V101/><F135/><W119/><G104/><T32/><D12/><U112/><E2/><V69/><F69/><W123/><G133/><T128/><D128/><N who="1" m="49259" /><E37/><V122/><F122/><W38/><G119/><T102/><D41/><U52/><E106/><V64/><F101/><W17/><G38/><T109/><D98/><U1/><E1/><V114/><F64/><W6/><G17/><N who="0" m="12367" /><D102/><U74/><E126/><V54/><F40/><W105/><G105/><T67/><D67/><U62/><E15/><N who="2" m="7527" /><F114/><W103/><G103/><T23/><D23/><U47/><E112/><V60/><F54/><W95/><G123/><T26/><D26/><U65/><E74/><N who="0" m="28201" /><D80/><U63/><E63/><AGARI ba="0,0" hai="32,34,55,56,63,108,109,110" m="28201,12367" machi="63" ten="40,8000,1" yaku="14,1,52,3" doraHai="120" who="0" fromWho="1" sc="291,80,297,-80,187,0,225,0" /><INIT seed="3,0,0,4,3,41" ten="371,217,187,225" oya="3" hai0="28,51,66,93,33,107,125,99,133,0,122,69,20" hai1="21,36,128,118,29,87,9,53,129,120,73,24,104" hai2="102,68,6,79,88,27,75,38,63,8,65,48,92" hai3="45,77,49,67,18,131,84,62,115,116,60,132,32"/><W1/><G115/><T59/><D122/><U89/><E73/><V56/><F102/><W25/><G116/><T43/><D125/><U39/><E120/><V46/><F27/><W2/><G132/><T101/><D20/><U37/><E104/><V97/><F38/><W109/><G131/><N who="1" m="50250" /><E9/><V7/><F68/><W134/><G134/><T23/><D23/><U110/><E53/><N who="2" m="29847" /><F75/><W71/><G62/><N who="0" m="40151" /><D93/><N who="1" m="54463" /><E118/><V86/><F8/><W117/><G117/><T85/><D0/><U61/><E61/><V4/><F79/><W52/><G109/><AGARI ba="0,0" hai="21,24,29,36,37,39,109,110" m="54463,50250" machi="109" ten="40,1300,0" yaku="19,1" doraHai="41" who="1" fromWho="3" sc="371,0,217,13,187,0,225,-13" /><INIT seed="4,0,0,1,1,51" ten="371,230,187,212" oya="0" hai0="48,77,40,29,130,26,110,86,39,129,71,74,126" hai1="10,76,91,5,12,98,28,14,24,27,116,9,127" hai2="135,43,122,68,85,120,84,50,72,133,109,58,49" hai3="107,60,83,33,23,31,6,134,15,119,25,42,3"/><T89/><D126/><U45/><E116/><V21/><F21/><W75/><G107/><T112/><D112/><U53/><E127/><V104/><F104/><W102/><G102/><T56/><D71/><U103/><E76/><V69/><F72/><W38/><G119/><T101/><D101/><U2/><E2/><V46/><F85/><W125/><G125/><T114/><D114/><U79/><E79/><V32/><F84/><W52/><G134/><N who="2" m="51209" /><F32/><W123/><G123/><N who="2" m="47145" /><F109/><W113/><G113/><T4/><D110/><U115/><E115/><V100/><F100/><W99/><G99/><T0/><D77/><U18/><E28/><V17/><F17/><N who="3" m="10687" /><G42/><T105/><D74/><U37/><E91/><V93/><F93/><W81/><G38/><T55/><D105/><U47/><E37/><V64/><F64/><W11/><G75/><T62/><D39/><U22/><E98/><V36/><F36/><W128/><G128/><T95/><D4/><N who="1" m="3143" /><E103/><V35/><F35/><W61/><G83/><T90/><D0/><U7/><E7/><V54/><AGARI ba="0,0" hai="43,46,49,50,54,58,68,69" m="47145,51209" machi="54" ten="40,8000,1" yaku="20,1,34,2,52,1" doraHai="51" who="2" fromWho="2" sc="371,-40,230,-20,187,80,212,-20" /><INIT seed="5,0,0,4,1,32" ten="331,210,267,192" oya="1" hai0="98,64,51,87,117,40,111,103,118,74,68,61,129" hai1="88,97,25,85,48,4,15,27,131,58,23,65,30" hai2="89,22,9,121,120,56,53,75,26,69,11,55,63" hai3="5,36,102,95,1,72,46,132,29,125,7,112,57"/><U18/><E131/><V59/><F69/><W52/><G72/><T2/><D74/><U134/><E134/><V70/><F70/><W119/><G132/><T21/><D111/><U107/><E4/><V114/><F75/><W45/><G7/><T110/><D110/><U100/><E30/><V109/><F109/><W17/><G29/><T133/><D133/><U34/><E34/><V31/><F114/><W6/><G6/><T16/><D129/><U99/><E99/><V41/><F41/><W127/><G17/><T12/><D2/><U8/><E8/><V128/><F128/><W126/><G36/><T50/><D87/><U44/><E65/><V0/><F0/><W60/><G112/><T67/><D64/><U113/><E58/><V122/><REACH who="2" step="1"/><F89/><REACH who="2" ten="331,210,257,192" step="2"/><W73/><G73/><T78/><D40/><U81/><REACH who="1" step="1"/><E113/><REACH who="1" ten="331,200,257,192" step="2"/><V33/><F33/><W94/><G126/><T14/><D68/><U104/><E104/><V93/><F93/><W101/><G125/><T35/><D35/><U130/><E130/><V71/><F71/><W91/><G95/><T108/><D108/><U116/><E116/><V49/><AGARI ba="0,2" hai="9,11,22,26,31,49,53,55,56,59,63,120,121,122" machi="49" ten="30,2000,0" yaku="1,1,0,1,53,0" doraHai="32" doraHaiUra="3" who="2" fromWho="2" sc="331,-5,200,-10,257,40,192,-5" /><INIT seed="6,0,0,0,1,43" ten="326,190,297,187" oya="2" hai0="109,49,132,117,1,88,66,120,28,65,10,85,22" hai1="24,44,20,122,78,69,133,71,57,129,60,116,37" hai2="123,82,17,29,111,55,105,77,61,97,42,90,112" hai3="50,32,113,110,41,6,45,80,26,31,84,121,87"/><V91/><F112/><W101/><G121/><T130/><D109/><U92/><E116/><V36/><F111/><W119/><G119/><T68/><D117/><U75/><E122/><V100/><F123/><W4/><G110/><T73/><D73/><U30/><E133/><V94/><F29/><W58/><G113/><T96/><D68/><U106/><E106/><V76/><F76/><W128/><G128/><T64/><D1/><U53/><E129/><V56/><F17/><W95/><G58/><T59/><D132/><U12/><E92/><V103/><F91/><W19/><G19/><T15/><D96/><U114/><E12/><V47/><REACH who="2" step="1"/><F105/><REACH who="2" ten="326,190,287,187" step="2"/><W54/><G4/><N who="0" m="3527" /><D120/><U72/><E114/><V89/><F89/><W62/><G6/><T48/><D130/><U124/><E78/><V70/><F70/><W16/><G16/><T34/><D34/><U0/><E69/><V39/><F39/><W2/><G31/><T33/><D33/><U67/><E37/><V25/><F25/><W63/><G26/><N who="0" m="16471" /><D59/><U18/><E30/><V9/><F9/><W52/><G32/><T8/><D8/><U118/><E118/><V86/><AGARI ba="0,1" hai="36,42,47,55,56,61,77,82,86,90,94,97,100,103" machi="86" ten="20,12000,1" yaku="1,1,0,1,7,1,52,1,53,1" doraHai="43" doraHaiUra="79" who="2" fromWho="2" sc="326,-40,190,-40,287,130,187,-40" /><INIT seed="6,1,0,0,5,134" ten="286,150,417,147" oya="2" hai0="76,19,86,101,57,13,0,78,118,5,110,131,130" hai1="34,31,122,87,80,114,36,30,109,99,67,22,98" hai2="129,2,66,65,3,107,63,54,113,90,108,120,58" hai3="75,123,103,12,39,102,40,83,92,94,117,15,106"/><V81/><F113/><W68/><G123/><T111/><D118/><U53/><E109/><V1/><F129/><N who="0" m="49162" /><D101/><U42/><E122/><V60/><F107/><W97/><G117/><T52/><D5/><U6/><E114/><V133/><F133/><W74/><G68/><T127/><D0/><U82/><E67/><V88/><F108/><W50/><G39/><T119/><D119/><U72/><E6/><V43/><F43/><W44/><G106/><T73/><D73/><U61/><E42/><V28/><F120/><W85/><G75/><T26/><D26/><U135/><E36/><V32/><F81/><W77/><REACH who="3" step="1"/><G74/><REACH who="3" ten="286,150,417,137" step="2"/><T37/><D37/><U89/><E135/><V104/><F104/><W112/><G112/><T105/><D105/><U64/><E72/><V33/><F1/><W132/><G132/><T4/><D111/><U21/><E98/><AGARI ba="1,1" hai="12,15,40,44,50,77,83,85,92,94,97,98,102,103" machi="98" ten="40,8000,1" yaku="1,1,9,1,8,1,53,1" doraHai="134" doraHaiUra="38" who="3" fromWho="1" sc="286,0,150,-83,417,0,137,93" /><INIT seed="7,0,0,3,2,32" ten="286,67,417,230" oya="3" hai0="63,79,121,69,92,104,76,7,60,72,109,78,2" hai1="30,123,50,103,96,102,122,4,111,127,105,89,67" hai2="71,6,130,24,51,95,119,37,110,77,14,100,133" hai3="49,42,1,101,90,116,29,16,15,113,59,18,34"/><W22/><G116/><T58/><D109/><U108/><E50/><V114/><F95/><W128/><G113/><T11/><D104/><U118/><E30/><V36/><F14/><W134/><G128/><T70/><D121/><U12/><E67/><V135/><F24/><W9/><G101/><T80/><D92/><U13/><E12/><V62/><F6/><N who="3" m="1231" /><G90/><T64/><D70/><U44/><E13/><V87/><F77/><W91/><G91/><T81/><D80/><U31/><E31/><V75/><F87/><W28/><G42/><T120/><D120/><U85/><E4/><V83/><F100/><W17/><G134/><T98/><D98/><U26/><E44/><V99/><F99/><W56/><G56/><T23/><D23/><U47/><E26/><V55/><F135/><W21/><G59/><T117/><D117/><U88/><E47/><V107/><F119/><W27/><G49/><T126/><D126/><U10/><E10/><V125/><F51/><W82/><G82/><T52/><AGARI ba="0,0" hai="2,7,11,52,58,60,63,64,69,72,76,78,79,81" machi="52" ten="20,5200,0" yaku="0,1,7,1,52,1,54,1" doraHai="32" who="0" fromWho="0" sc="286,52,67,-13,417,-13,230,-26" owari="338,14.0,54,-45.0,404,51.0,204,-20.0" /></mjloggm>