<mjloggm ver="2.3"><GO type="169" lobby="0"/><UN n0="%E6%9C%8B%E4%B9%9F%40" n1="%68%69%6B%61%72%75%32%32" n2="%E7%81%AB%E9%9C%8A%E5%A4%A2" n3="%E3%82%A2%E3%82%AF%E3%82%A2%E3%83%93%E3%83%BC%E3%83%8A%E3%82%B9" dan="16,16,17,17" rate="2076.02,2062.20,2237.62,2192.47" sx="M,M,M,M"/><TAIKYOKU oya="0"/><INIT seed="0,0,0,0,2,49" ten="250,250,250,250" oya="0" hai0="51,40,116,114,102,91,7,25,77,63,104,33,58" hai1="135,22,101,96,93,46,28,3,68,120,5,35,41" hai2="30,88,4,56,21,29,124,112,128,122,131,133,86" hai3="109,110,38,62,45,85,12,13,132,2,89,27,113"/><T103/><D116/><U71/><E120/><V70/><F122/><W9/><G113/><T47/><D114/><U67/><E22/><V74/><F112/><W64/><G132/><T23/><D33/><U90/><E135/><V84/><F74/><W43/><G27/><T10/><D77/><U119/><E90/><V26/><F70/><W82/><G2/><T121/><D104/><U107/><E93/><V117/><F133/><W76/><G89/><T52/><D91/><U50/><E67/><V118/><F86/><W72/><G72/><T94/><D94/><U15/><E15/><V54/><F4/><W59/><REACH who="3" step="1"/><G12/><REACH who="3" ten="250,250,250,240" step="2"/><N who="0" m="5215" /><D121/><U99/><E119/><N who="2" m="45579" /><F30/><AGARI ba="0,1" hai="23,25,30,40,47,51,52,58,63,102,103" m="5215" machi="30" ten="30,5800,0" yaku="8,1,52,1,54,1" doraHai="49" who="0" fromWho="2" sc="250,68,250,0,250,-58,240,0" /><INIT seed="0,1,0,2,4,63" ten="318,250,192,240" oya="0" hai0="56,66,128,31,89,53,65,71,74,85,11,58,82" hai1="8,80,105,25,26,133,1,95,113,93,127,60,125" hai2="96,55,61,37,109,69,5,51,72,16,43,134,115" hai3="124,91,0,75,15,132,17,47,14,42,130,27,97"/><T48/><D71/><U30/><E105/><V9/><F115/><W24/><G0/><T59/><D128/><U2/><E133/><V29/><F72/><W22/><G75/><T68/><D74/><U35/><E80/><V86/><F29/><W67/><G124/><N who="1" m="47690" /><E113/><V49/><F109/><W100/><G130/><T99/><D68/><U62/><E26/><V64/><F134/><W32/><G132/><T121/><D121/><U54/><E62/><V73/><F73/><W84/><G67/><N who="0" m="25611" /><D31/><U28/><E28/><V3/><F51/><W38/><G27/><T79/><D11/><U123/><E123/><V104/><F86/><W111/><G111/><T103/><D103/><U41/><E41/><V108/><F108/><W101/><G101/><T107/><D107/><U36/><E36/><V46/><F96/><W52/><G32/><T120/><D120/><U39/><E39/><V116/><F104/><W117/><G117/><T33/><D33/><U87/><E8/><V88/><F116/><W92/><REACH who="3" step="1"/><G52/><REACH who="3" ten="318,250,192,230" step="2"/><T106/><D106/><AGARI ba="1,1" hai="14,15,17,22,24,38,42,47,84,91,92,97,100,106" machi="106" ten="30,3900,0" yaku="1,1,2,1,7,1,53,0" doraHai="63" doraHaiUra="114" who="3" fromWho="0" sc="318,-42,250,0,192,0,230,52" /><INIT seed="1,0,0,3,2,93" ten="276,250,192,282" oya="1" hai0="129,89,92,119,4,97,85,25,98,2,65,125,1" hai1="79,12,106,127,114,53,20,34,88,99,133,112,130" hai2="70,96,69,29,47,78,31,8,76,128,0,26,122" hai3="24,84,62,81,13,59,21,67,22,58,35,115,95"/><U73/><E34/><V18/><F122/><W110/><G115/><T124/><D119/><U39/><E39/><V118/><F118/><W109/><G35/><T74/><D74/><U68/><E68/><V7/><F128/><W63/><G13/><T87/><D129/><U17/><E130/><V103/><F31/><W38/><G38/><T43/><D43/><U86/><E133/><V28/><F28/><W64/><G95/><T27/><D65/><U77/><E127/><N who="0" m="48713" /><D87/><U82/><E77/><V131/><F131/><W60/><G60/><T46/><D46/><U37/><E37/><V116/><F116/><W51/><G51/><T42/><D42/><U19/><E19/><V71/><F18/><W9/><G9/><N who="0" m="2191" /><D2/><U10/><E53/><V134/><F47/><W126/><G126/><T121/><D121/><U44/><E44/><V11/><F11/><W94/><G94/><T36/><D36/><U90/><E114/><V55/><F55/><W5/><G5/><T56/><D56/><U83/><E112/><V23/><REACH who="2" step="1"/><F134/><REACH who="2" ten="276,250,182,282" step="2"/><W123/><G123/><T102/><D102/><U6/><E6/><V108/><F108/><W132/><G132/><T104/><D104/><AGARI ba="0,1" hai="0,7,8,23,26,29,69,70,71,76,78,96,103,104" machi="104" ten="40,2600,0" yaku="1,1,52,1,53,0" doraHai="93" doraHaiUra="40" who="2" fromWho="0" sc="276,-26,250,0,182,36,282,0" /><INIT seed="2,0,0,2,0,43" ten="250,250,218,282" oya="2" hai0="119,42,18,94,39,27,114,87,128,101,75,46,104" hai1="113,97,11,35,2,102,37,31,106,4,74,25,81" hai2="21,127,93,86,49,51,133,71,12,95,22,90,29" hai3="77,91,112,8,15,135,100,48,134,111,65,85,117"/><V76/><F71/><W54/><G117/><T116/><D75/><U55/><E55/><V129/><F129/><W62/><G100/><T108/><D128/><U70/><E113/><V44/><F133/><W63/><G77/><T73/><D108/><U23/><E23/><V123/><F123/><W30/><G30/><T107/><D114/><U59/><E59/><V124/><F49/><W82/><G111/><T96/><D73/><U110/><E110/><V56/><F56/><W24/><G24/><T60/><D60/><U105/><E105/><V99/><F76/><W67/><G112/><T19/><D87/><U32/><E32/><V28/><F28/><W10/><G10/><T84/><D84/><U7/><E7/><V64/><F64/><N who="3" m="24651" /><G135/><T89/><D101/><U118/><E118/><N who="0" m="45097" /><D19/><U34/><E34/><V1/><F1/><W47/><G134/><T69/><D69/><U103/><E103/><N who="2" m="60911" /><F12/><W0/><G0/><T132/><D132/><U26/><E26/><V38/><F38/><W130/><G130/><T79/><D79/><N who="1" m="44279" /><E70/><V50/><F29/><W122/><G122/><T41/><D41/><U5/><E5/><AGARI ba="0,0" hai="5,8,15,47,48,54,62,63,82,85,91" m="24651" machi="5" ten="30,2000,0" yaku="8,1,52,1" doraHai="43" who="3" fromWho="1" sc="250,0,250,-20,218,0,282,20" /><INIT seed="3,0,0,5,1,31" ten="250,230,218,302" oya="3" hai0="80,95,71,106,91,118,135,4,14,127,64,7,88" hai1="78,124,108,24,116,18,15,82,134,119,117,104,43" hai2="26,49,92,63,61,37,59,75,87,84,62,131,76" hai3="55,57,67,0,30,129,40,100,6,21,74,93,115"/><W45/><G74/><T83/><D118/><U110/><E104/><V51/><F37/><W35/><G67/><T46/><D127/><U128/><E124/><V5/><F131/><W44/><G129/><T70/><D135/><U120/><E128/><V50/><F75/><W98/><G115/><T114/><D106/><U73/><E134/><V133/><F133/><W16/><G40/><T86/><D114/><U20/><E120/><V3/><F3/><W22/><G6/><T105/><D105/><U66/><E66/><V112/><F5/><W77/><G77/><T27/><D27/><U47/><REACH who="1" step="1"/><E24/><REACH who="1" ten="250,220,218,302" step="2"/><V94/><F112/><W125/><G125/><T33/><D64/><U9/><E9/><V122/><F26/><W38/><G0/><T17/><D71/><U102/><E102/><V113/><F113/><W126/><G100/><T23/><D70/><U29/><E29/><V107/><F107/><W101/><G30/><T56/><D4/><U28/><E28/><V97/><F122/><W103/><G101/><T68/><D7/><U109/><E109/><V32/><F59/><W34/><G57/><T121/><D56/><U79/><E79/><V96/><F76/><W89/><G103/><T65/><D68/><U132/><E132/><V123/><F123/><W52/><G126/><T48/><D121/><U41/><E41/><V11/><F11/><W42/><G42/><N who="0" m="24663" /><D65/><U1/><E1/><V53/><F53/><W60/><G55/><T8/><D8/><U54/><E54/><V39/><F63/><W25/><G60/><T19/><D19/><U12/><E12/><RYUUKYOKU ba="0,1" sc="250,-10,220,30,218,-10,302,-10" hai1="15,18,20,43,47,73,78,82,108,110,116,117,119" /><INIT seed="4,1,1,0,4,68" ten="240,250,208,292" oya="0" hai0="131,124,62,111,3,38,63,92,7,80,30,26,102" hai1="99,33,93,58,114,48,14,115,125,91,117,45,42" hai2="132,86,126,72,51,105,39,118,119,88,65,5,59" hai3="66,37,17,25,69,28,27,0,40,104,36,67,78"/><T56/><D124/><U24/><E117/><N who="2" m="44555" /><F72/><W20/><G104/><T85/><D131/><U123/><E123/><V2/><F126/><W34/><G40/><T4/><D111/><U74/><E125/><V107/><F132/><W60/><G66/><T19/><D38/><U116/><E116/><V55/><F65/><W50/><G0/><T71/><D3/><U101/><E74/><V81/><F39/><W57/><REACH who="3" step="1"/><G78/><REACH who="3" ten="240,250,208,282" step="2"/><N who="0" m="46231" /><D71/><U76/><E76/><V122/><F122/><W120/><G120/><T29/><D4/><U82/><E115/><V108/><F108/><W23/><G23/><N who="0" m="13695" /><D7/><U135/><E114/><V21/><F21/><W97/><G97/><N who="0" m="59687" /><D63/><U12/><E99/><V11/><AGARI ba="1,2" hai="2,5,11,51,55,59,81,86,88,105,107" m="44555" machi="11" ten="30,2000,0" yaku="12,1,54,1" doraHai="68" who="2" fromWho="2" sc="240,-11,250,-6,208,43,282,-6" /><INIT seed="5,0,0,5,4,58" ten="229,244,251,276" oya="1" hai0="54,43,28,23,60,15,120,100,18,109,119,128,104" hai1="8,9,88,67,106,133,29,132,99,84,135,113,30" hai2="27,86,64,6,14,102,2,31,75,92,40,126,103" hai3="91,0,130,4,5,63,110,1,71,124,34,118,25"/><U45/><E113/><V13/><F75/><W55/><G110/><T48/><D109/><U96/><E67/><V122/><F2/><W114/><G91/><T107/><D119/><U33/><E45/><V10/><F126/><W105/><G55/><T52/><D128/><U49/><E49/><V125/><F125/><W42/><G42/><T82/><D120/><U81/><E33/><V121/><F40/><W20/><G105/><T115/><D115/><U59/><E59/><V101/><F14/><W26/><G63/><T73/><D28/><N who="1" m="10859" /><E99/><V22/><F64/><W117/><G71/><T50/><D104/><U95/><E106/><V98/><REACH who="2" step="1"/><F86/><REACH who="2" ten="229,244,241,276" step="2"/><W61/><G124/><T68/><D43/><U129/><E129/><V47/><F47/><W44/><G44/><T79/><D73/><U62/><E84/><V7/><F7/><W78/><G5/><T38/><D15/><U97/><E135/><V57/><F57/><W3/><G4/><T12/><D12/><U46/><E133/><V32/><F32/><W41/><G34/><T111/><D68/><U112/><E46/><V94/><F94/><W77/><G3/><T37/><D111/><U76/><E132/><V74/><F74/><W80/><G1/><T93/><D93/><U108/><E112/><V21/><F21/><W87/><G0/><T70/><D107/><U66/><E108/><V83/><F83/><W69/><G114/><T123/><D82/><U90/><E81/><V35/><F35/><W53/><G80/><T39/><D23/><U134/><E134/><V11/><F11/><W36/><G20/><RYUUKYOKU ba="0,1" sc="229,-10,244,-10,241,30,276,-10" hai2="6,10,13,22,27,31,92,98,101,102,103,121,122" /><INIT seed="6,1,1,2,2,122" ten="219,234,271,266" oya="2" hai0="11,43,89,13,114,73,28,36,17,55,117,6,24" hai1="63,77,12,58,105,70,106,45,7,56,126,26,27" hai2="84,110,25,0,15,94,53,79,69,33,100,21,127" hai3="95,47,116,23,104,124,134,32,121,99,82,125,57"/><V85/><F0/><W62/><G32/><T49/><D73/><U119/><E119/><V112/><F69/><W111/><G116/><T113/><D117/><U67/><E126/><N who="3" m="48746" /><G121/><T96/><D43/><U51/><E105/><V50/><F127/><W34/><G34/><T31/><D36/><U22/><E106/><V66/><F66/><N who="3" m="39247" /><G134/><T128/><D128/><U52/><E77/><V120/><F112/><N who="0" m="43114" /><D24/><U59/><E7/><V83/><F33/><W93/><G82/><T54/><D6/><U64/><E12/><V76/><F15/><W92/><G47/><N who="0" m="27967" /><D55/><U133/><E133/><V3/><F120/><W37/><G37/><T5/><D5/><U81/><E81/><V123/><F3/><W131/><G131/><T97/><D97/><U9/><E67/><V19/><F123/><W71/><G71/><T48/><D48/><U98/><E98/><V130/><F130/><W87/><G111/><T4/><D4/><U72/><E72/><V74/><F110/><W8/><G8/><T18/><D18/><U60/><E9/><V41/><F41/><W1/><G1/><T118/><D118/><U44/><E27/><V30/><F19/><W2/><G2/><T80/><D80/><U20/><E26/><V86/><F76/><W107/><G87/><T103/><D103/><U39/><E60/><V108/><F108/><W135/><G135/><T115/><D115/><U68/><E68/><V132/><F132/><W109/><G109/><T90/><D96/><U35/><E35/><V88/><F100/><N who="3" m="62495" /><G107/><T101/><D101/><U75/><E75/><V129/><F129/><RYUUKYOKU ba="1,1" sc="219,0,234,0,271,0,266,0" hai0="11,13,17,28,31,89,90" hai1="20,22,39,44,45,51,52,56,58,59,63,64,70" hai2="21,25,30,50,53,74,79,83,84,85,86,88,94" hai3="23,92,93,95" /><INIT seed="6,2,1,5,0,39" ten="219,234,271,266" oya="2" hai0="127,47,84,64,41,90,126,25,23,134,48,8,116" hai1="62,109,113,24,70,95,52,43,12,132,38,81,61" hai2="17,63,108,51,7,28,94,26,93,60,122,98,33" hai3="123,91,111,27,80,54,118,0,101,104,102,103,135"/><V30/><F122/><W19/><G123/><T120/><D120/><U57/><E109/><V67/><F108/><W119/><G0/><T55/><D134/><U78/><E132/><V74/><F74/><W35/><G111/><T65/><D8/><U9/><E113/><V105/><F7/><W49/><G135/><T14/><D14/><U89/><E24/><V121/><F30/><W37/><G37/><T117/><D55/><U96/><E70/><N who="2" m="42343" /><F121/><W4/><G104/><T5/><D5/><U42/><E62/><V16/><F63/><W125/><G125/><N who="0" m="47627" /><D90/><U88/><E89/><V13/><F51/><W46/><G4/><T2/><D2/><U10/><E38/><V99/><F99/><W86/><G19/><N who="2" m="7241" /><F13/><W71/><G71/><T87/><D65/><U130/><E130/><V11/><F11/><N who="1" m="4105" /><E12/><V100/><AGARI ba="2,1" hai="26,28,33,93,94,98,100,105" m="7241,42343" machi="100" ten="30,3000,0" yaku="25,1,54,1" doraHai="39" who="2" fromWho="2" sc="219,-12,234,-12,271,46,266,-12" /><INIT seed="6,3,0,5,0,108" ten="207,222,317,254" oya="2" hai0="57,10,127,11,66,17,3,109,112,76,55,126,31" hai1="79,105,19,114,61,53,8,85,82,104,62,97,22" hai2="41,89,119,34,81,35,115,110,91,33,101,123,74" hai3="18,103,12,50,32,30,88,70,90,21,13,0,15"/><V46/><F119/><W64/><G0/><T65/><D109/><U107/><E8/><N who="0" m="3113" /><D76/><U28/><E28/><V131/><F123/><W130/><G130/><T75/><D3/><U47/><E97/><V96/><F131/><W68/><G32/><T87/><D75/><U100/><E100/><V72/><F91/><W37/><G37/><T83/><D31/><U44/><E114/><V128/><F115/><W23/><G70/><T26/><D112/><U60/><REACH who="1" step="1"/><E53/><REACH who="1" ten="207,212,317,254" step="2"/><V51/><F128/><W38/><G103/><T58/><D55/><U92/><E92/><V25/><F101/><W121/><G30/><T69/><D127/><U113/><E113/><V116/><F96/><W43/><G121/><T39/><D126/><U135/><E135/><V95/><F95/><W120/><G120/><T48/><D66/><U93/><E93/><V78/><F110/><W73/><G64/><T1/><D65/><U56/><E56/><V40/><F116/><W129/><G129/><T71/><D58/><U54/><E54/><V20/><F81/><W122/><G122/><T49/><D57/><U80/><E80/><V102/><F102/><W2/><G68/><T67/><D67/><U125/><E125/><V111/><F111/><W9/><G9/><T42/><D71/><U14/><AGARI ba="3,1" hai="14,19,22,44,47,60,61,62,79,82,85,104,105,107" machi="14" ten="40,2700,0" yaku="1,1,0,1,53,0" doraHai="108" doraHaiUra="6" who="1" fromWho="1" sc="207,-10,212,46,317,-16,254,-10" /><INIT seed="7,0,0,4,1,18" ten="197,258,301,244" oya="3" hai0="132,130,84,44,94,97,100,42,31,116,88,127,120" hai1="99,13,7,55,60,52,5,36,122,134,62,32,80" hai2="67,72,50,85,54,64,74,23,73,63,14,124,98" hai3="33,10,45,129,115,126,75,119,87,105,114,112,56"/><W102/><G75/><T123/><D116/><U0/><E122/><V57/><F124/><W78/><G119/><T29/><D127/><U131/><E32/><V111/><F111/><W121/><G33/><T48/><D130/><U12/><E36/><V27/><F14/><W82/><G121/><T8/><D132/><U118/><E118/><V104/><F85/><W24/><G129/><T51/><D123/><U65/><E131/><V101/><F50/><W37/><G126/><T77/><D77/><U26/><E0/><V83/><F83/><W22/><G10/><T41/><D8/><U109/><E109/><V3/><F3/><W15/><G15/><T49/><D120/><U91/><E26/><V89/><F89/><W16/><G56/><T46/><REACH who="0" step="1"/><D51/><REACH who="0" ten="187,258,301,244" step="2"/><U34/><E134/><V90/><F72/><W30/><G37/><T6/><D6/><U79/><E79/><V107/><F73/><W86/><G78/><T133/><D133/><U39/><E39/><V128/><F74/><W108/><G108/><T106/><AGARI ba="0,1" hai="29,31,41,42,44,46,48,49,84,88,94,97,100,106" machi="106" ten="20,8000,1" yaku="1,1,0,1,7,1,9,1,54,1,53,0" doraHai="18" doraHaiUra="17" who="0" fromWho="0" sc="187,90,258,-20,301,-20,244,-40" /><INIT seed="8,0,0,5,4,19" ten="277,238,281,204" oya="0" hai0="22,64,21,98,29,122,66,2,78,96,0,10,79" hai1="89,32,127,108,115,50,91,46,59,85,3,13,76" hai2="105,44,101,100,77,112,58,132,125,94,106,73,62" hai3="45,1,82,39,65,124,81,121,24,69,31,30,6"/><T103/><D122/><U5/><E3/><V117/><F112/><W133/><G121/><T97/><D29/><U11/><E108/><V123/><F123/><W71/><G124/><T51/><D103/><U109/><E109/><V102/><F125/><W7/><G133/><T60/><D0/><U74/><E74/><V111/><F44/><W33/><G1/><T56/><D66/><U40/><E127/><V20/><F111/><W15/><G65/><T25/><D25/><U120/><E32/><V99/><F132/><W42/><G31/><T47/><D10/><U28/><E28/><V80/><F117/><W12/><G12/><T38/><D38/><U35/><E35/><V8/><F8/><W41/><G41/><N who="0" m="25071" /><D2/><U87/><E115/><V37/><F37/><W75/><G15/><T107/><D107/><U67/><E120/><V55/><F106/><W128/><G128/><T118/><D118/><U53/><E67/><V17/><F105/><W113/><G113/><T23/><AGARI ba="0,0" hai="21,22,23,56,60,64,78,79,96,97,98" m="25071" machi="23" ten="30,11700,0" yaku="8,1,52,3" doraHai="19" who="0" fromWho="0" sc="277,117,238,-39,281,-39,204,-39" owari="394,49.0,199,-20.0,242,4.0,165,-33.0" /></mjloggm>