<mjloggm ver="2.3"><GO type="169" lobby="0"/><UN n0="%73%61%6B%6F%EF%BC%A0%E6%9C%80" n1="%54%2F%4E" n2="%E3%81%94%E3%81%A7%E3%81%83%E3%82%93%E6%94%B9" n3="%E8%A6%9A%E9%86%92%E3%81%97%E3%81%9F%E3%81%A8%E3%81%BE%E3%81%A8" dan="17,17,17,17" rate="2156.78,2167.53,2147.10,2182.39" sx="M,M,F,M"/><TAIKYOKU oya="0"/><INIT seed="0,0,0,0,2,83" ten="250,250,250,250" oya="0" hai0="112,36,120,130,25,28,54,51,107,91,115,48,24" hai1="0,55,26,67,29,122,34,100,102,43,110,17,62" hai2="13,101,8,42,109,103,30,47,12,108,86,117,35" hai3="133,57,78,118,89,49,98,72,111,76,27,15,84"/><T114/><D120/><U73/><E73/><V79/><F117/><W39/><G39/><T9/><D36/><U32/><E122/><V92/><F35/><W99/><G118/><T135/><D107/><U46/><E0/><V21/><F21/><W7/><G72/><T22/><D135/><U77/><E77/><N who="3" m="29802" /><G111/><N who="2" m="42569" /><F30/><W97/><G27/><T95/><D130/><U70/><E34/><V10/><F10/><N who="3" m="4575" /><G133/><T50/><D9/><U81/><E81/><N who="2" m="47423" /><F92/><N who="3" m="54311" /><G57/><T37/><D25/><U116/><E116/><V45/><F45/><W66/><G66/><T11/><D37/><U20/><E110/><V82/><F82/><W90/><G49/><T74/><D11/><U1/><E1/><V119/><F119/><W41/><G41/><T106/><D74/><U75/><E75/><V71/><F71/><W127/><G127/><T38/><D38/><U123/><E123/><V105/><F105/><W68/><G68/><T87/><REACH who="0" step="1"/><D106/><REACH who="0" ten="240,250,250,250" step="2"/><U63/><E26/><V40/><F12/><W132/><G132/><T126/><D126/><U96/><E32/><V60/><F13/><W44/><G44/><AGARI ba="0,1" hai="22,24,28,44,48,50,51,54,87,91,95,112,114,115" machi="44" ten="40,3900,0" yaku="1,1,52,1,53,0" doraHai="83" doraHaiUra="113" who="0" fromWho="3" sc="240,49,250,0,250,0,250,-39" /><INIT seed="0,1,0,5,0,76" ten="289,250,250,211" oya="0" hai0="109,89,119,56,45,112,65,43,130,92,1,41,61" hai1="17,96,129,113,63,125,86,4,54,91,62,72,116" hai2="22,31,33,7,81,88,55,60,24,6,84,123,87" hai3="26,36,107,18,83,99,105,34,13,57,58,77,66"/><T2/><D119/><U39/><E116/><V100/><F123/><W44/><G66/><T14/><D112/><U68/><E72/><V12/><F100/><W106/><G99/><T0/><D130/><U131/><E39/><V21/><F33/><W75/><G36/><T11/><D109/><U135/><E4/><V121/><F121/><W23/><REACH who="3" step="1"/><G44/><REACH who="3" ten="289,250,250,201" step="2"/><T128/><D128/><U70/><E131/><V37/><F37/><W27/><G27/><T104/><D45/><U122/><E129/><V20/><F84/><W74/><G74/><T46/><D46/><U19/><E96/><V127/><F127/><W118/><G118/><T90/><D104/><U40/><E86/><V64/><F64/><W38/><G38/><T28/><D65/><U114/><E125/><V32/><REACH who="2" step="1"/><F12/><REACH who="2" ten="289,250,240,201" step="2"/><W85/><G85/><T101/><D14/><U97/><E122/><V51/><F51/><W8/><G8/><T50/><D11/><U134/><E114/><V30/><F30/><AGARI ba="1,2" hai="13,18,23,26,30,34,57,58,75,77,83,105,106,107" machi="30" ten="40,5200,0" yaku="1,1,52,1,53,1" doraHai="76" doraHaiUra="9" who="3" fromWho="2" sc="289,0,250,0,240,-55,201,75" /><INIT seed="1,0,0,4,5,28" ten="289,250,185,276" oya="1" hai0="85,89,126,51,55,87,49,123,31,1,92,112,127" hai1="118,108,62,53,60,116,109,122,76,97,9,98,47" hai2="8,83,75,88,82,93,119,61,104,32,100,21,39" hai3="80,40,105,13,86,33,27,45,38,34,12,57,79"/><U5/><E76/><V4/><F119/><W84/><G105/><T58/><D112/><U110/><E122/><V11/><F39/><W64/><G27/><T67/><D123/><U22/><E22/><V115/><F115/><W0/><G0/><T73/><D73/><U3/><E60/><V134/><F134/><W54/><G64/><T41/><D1/><U106/><E97/><V129/><F129/><W70/><G70/><T20/><D67/><U99/><E98/><V128/><F128/><W48/><REACH who="3" step="1"/><G86/><REACH who="3" ten="289,250,185,266" step="2"/><T101/><D87/><U36/><E106/><V102/><F104/><W56/><G56/><T117/><D117/><U15/><E3/><V43/><F75/><W65/><G65/><T16/><D31/><U29/><E29/><V111/><F100/><W107/><G107/><T133/><D101/><U24/><E24/><V59/><F102/><W25/><G25/><T72/><D72/><U124/><E99/><V69/><F69/><W26/><G26/><N who="0" m="14599" /><D133/><U23/><E118/><V103/><F103/><W19/><G19/><T90/><D85/><U78/><E116/><V96/><F96/><W94/><G94/><T131/><D92/><U81/><E110/><V10/><F93/><W74/><G74/><T132/><D132/><U7/><E109/><V77/><F111/><W130/><G130/><T66/><D66/><U18/><E108/><V91/><F82/><W44/><G44/><N who="0" m="25743" /><D131/><U6/><E81/><V37/><F83/><W71/><G71/><T125/><AGARI ba="0,1" hai="51,55,58,89,90,125,126,127" m="25743,14599" machi="125" ten="30,2000,0" yaku="18,1,54,1" doraHai="28" who="0" fromWho="0" sc="289,30,250,-10,185,-5,266,-5" /><INIT seed="2,0,0,3,5,102" ten="319,240,180,261" oya="2" hai0="91,132,63,67,52,72,119,46,126,76,90,1,64" hai1="0,68,34,92,130,19,22,49,55,118,51,18,86" hai2="44,25,39,98,53,89,108,4,101,116,42,8,127" hai3="56,62,120,58,28,9,106,31,30,57,3,17,117"/><V96/><F116/><W121/><G117/><T7/><D119/><U6/><E118/><RYUUKYOKU type="kaze4" ba="0,0" sc="319,0,240,0,180,0,261,0" /><INIT seed="2,1,0,1,0,50" ten="319,240,180,261" oya="2" hai0="102,86,69,35,30,91,26,89,12,25,74,63,134" hai1="51,116,41,72,46,97,75,37,79,0,39,16,59" hai2="24,29,120,82,131,95,9,65,48,117,129,100,5" hai3="122,135,107,61,71,31,105,36,18,103,40,106,123"/><V45/><F117/><W92/><G135/><T111/><D74/><U7/><E116/><V66/><F120/><W52/><G31/><T23/><D111/><U85/><E85/><V11/><F82/><W128/><G128/><N who="2" m="49225" /><F95/><W6/><G6/><T112/><D112/><U42/><E0/><N who="2" m="167" /><F11/><W10/><G40/><T81/><D134/><U110/><E7/><V38/><F100/><W90/><G103/><T17/><D102/><U22/><E110/><V77/><F77/><W54/><G36/><T104/><D91/><U67/><E97/><V84/><F84/><W56/><G71/><T119/><D104/><U68/><E79/><V124/><F38/><W125/><G125/><T121/><D121/><U47/><E68/><V108/><F124/><W49/><G18/><T20/><D119/><U28/><E28/><V58/><F58/><W133/><G10/><T57/><D69/><U98/><E98/><V55/><F108/><W127/><G127/><T27/><REACH who="0" step="1"/><D35/><AGARI ba="1,0" hai="24,29,35,45,48,55,65,66" m="167,49225" machi="35" ten="30,2900,0" yaku="19,1,52,1" doraHai="50" who="2" fromWho="0" sc="319,-32,240,0,180,32,261,0" /><INIT seed="2,2,0,2,5,34" ten="287,240,212,261" oya="2" hai0="79,131,64,45,115,27,130,73,112,63,102,90,85" hai1="83,77,52,88,22,28,10,72,91,104,51,4,56" hai2="25,80,119,0,82,5,53,32,98,99,14,116,47" hai3="120,66,2,17,96,133,109,118,41,26,3,94,9"/><V44/><F14/><W105/><G118/><T8/><D45/><U59/><E104/><V50/><F44/><W29/><G120/><T129/><D27/><U111/><E111/><V106/><F32/><W12/><G105/><T103/><D8/><U33/><E33/><V21/><F5/><W23/><G109/><T110/><D110/><U37/><E37/><V13/><F13/><W93/><G133/><T54/><D54/><U43/><E43/><V57/><F0/><W123/><G123/><T31/><D31/><U62/><E22/><V89/><F106/><W92/><G96/><N who="2" m="36905" /><F116/><W125/><G125/><T134/><D134/><U107/><E28/><N who="2" m="17455" /><F119/><W60/><REACH who="3" step="1"/><G41/><REACH who="3" ten="287,240,212,251" step="2"/><T127/><D127/><U101/><E107/><V11/><F89/><W78/><G78/><T61/><D79/><U36/><E101/><V24/><F82/><W95/><N who="3" m="23552" /><DORA hai="81" /><W35/><G35/><T65/><D103/><U48/><E36/><V84/><F80/><W126/><G126/><T58/><D102/><U70/><E70/><AGARI ba="2,1" hai="2,3,9,12,17,23,26,29,60,66,70" m="23552" machi="70" ten="50,6400,0" yaku="1,1,52,2,53,0" doraHai="34,81" doraHaiUra="40,113" who="3" fromWho="1" sc="287,0,240,-70,212,0,251,80" /><INIT seed="3,0,0,5,5,100" ten="287,170,212,331" oya="3" hai0="25,5,117,19,131,118,77,30,133,103,41,92,22" hai1="6,52,135,27,110,71,68,45,108,36,43,31,132" hai2="97,93,88,17,70,21,15,20,14,113,112,48,55" hai3="38,54,122,57,125,13,12,18,58,82,99,85,134"/><W91/><G125/><T0/><D77/><U116/><E6/><V53/><F70/><N who="1" m="26665" /><E27/><V63/><F63/><W84/><G134/><N who="1" m="51242" /><E31/><V121/><F121/><W94/><G38/><T23/><D133/><U75/><E75/><V51/><F21/><W64/><G122/><T105/><D92/><U61/><E116/><V60/><F60/><W37/><G37/><T78/><D78/><U42/><E42/><V40/><F40/><W123/><G123/><T59/><D41/><U129/><E129/><V96/><F96/><W16/><G64/><T107/><D131/><U104/><E104/><V4/><F4/><W3/><G3/><T115/><D5/><U86/><E86/><V130/><F130/><W7/><G7/><T87/><D0/><U33/><E33/><V49/><REACH who="2" step="1"/><F15/><REACH who="2" ten="287,170,202,331" step="2"/><N who="3" m="5707" /><G99/><T124/><D118/><U80/><E80/><V109/><F109/><W10/><G10/><T1/><D117/><U26/><E26/><V111/><F111/><W62/><G57/><AGARI ba="0,1" hai="36,43,45,52,57,61,108,110" m="51242,26665" machi="57" ten="40,8000,1" yaku="20,1,34,2,54,1" doraHai="100" who="1" fromWho="3" sc="287,0,170,90,202,0,331,-80" /><INIT seed="4,0,0,2,4,53" ten="287,260,202,251" oya="0" hai0="12,58,115,22,97,28,13,17,96,134,19,2,107" hai1="62,133,123,69,46,24,52,114,32,50,21,11,100" hai2="42,25,111,34,37,16,101,7,3,109,84,51,108" hai3="104,131,64,79,18,127,35,118,45,98,54,105,29"/><T72/><D72/><U14/><E123/><V0/><F37/><W57/><G118/><T36/><D36/><U71/><E32/><V65/><F65/><W128/><G127/><T44/><D2/><U90/><E133/><V81/><F101/><W125/><G125/><T85/><D134/><U124/><E124/><V23/><F7/><W76/><G64/><T10/><D107/><N who="3" m="41033" /><G98/><T27/><D115/><U40/><E100/><V66/><F66/><W135/><G45/><T92/><D44/><U91/><E71/><V55/><F42/><W8/><G29/><T73/><D73/><U59/><E69/><V117/><F34/><W120/><G35/><T116/><D116/><U41/><E114/><V121/><F121/><W130/><G120/><T94/><D58/><U78/><E78/><V1/><F1/><W106/><N who="3" m="41041" /><W6/><DORA hai="77" /><G6/><T87/><D96/><U99/><E99/><V83/><F117/><W70/><G70/><T20/><REACH who="0" step="1"/><D94/><REACH who="0" ten="277,260,202,251" step="2"/><U30/><REACH who="1" step="1"/><E41/><REACH who="1" ten="277,250,202,251" step="2"/><V82/><REACH who="2" step="1"/><F84/><REACH who="2" ten="277,250,192,251" step="2"/><W93/><G135/><T122/><D122/><U4/><AGARI ba="0,3" hai="4,11,14,21,24,30,40,46,50,52,59,62,90,91" machi="4" ten="20,12000,2" yaku="1,1,2,1,0,1,7,1,8,1,52,1,54,1,53,0" doraHai="53,77" doraHaiUra="126,80" who="1" fromWho="1" sc="277,-60,250,150,192,-30,251,-30" /><INIT seed="5,0,0,0,3,28" ten="217,400,162,221" oya="1" hai0="112,135,21,116,30,2,18,69,118,95,114,33,102" hai1="62,110,49,35,41,5,72,42,130,83,133,74,125" hai2="132,129,26,93,45,124,100,79,29,63,96,104,34" hai3="108,55,16,20,86,75,71,23,88,0,50,107,87"/><U4/><E62/><V6/><F124/><W58/><G0/><T67/><D69/><U19/><E125/><V46/><F129/><W59/><G107/><T51/><D67/><U31/><E130/><V48/><F132/><W68/><G75/><T109/><D51/><U10/><E83/><V92/><F79/><W27/><G108/><T91/><D102/><U122/><E49/><V57/><F6/><W117/><G117/><N who="0" m="45163" /><D95/><U119/><E19/><V14/><F14/><W89/><G59/><T7/><D91/><U77/><E10/><V82/><F82/><W73/><G73/><T120/><D135/><U105/><E105/><V12/><F12/><W64/><G64/><T43/><D43/><U115/><E77/><V76/><F76/><W97/><G97/><T103/><D103/><U56/><E56/><V17/><F17/><N who="3" m="12687" /><G68/><T113/><D120/><U47/><E47/><V111/><F111/><W32/><G71/><T94/><D94/><U126/><E126/><V101/><F101/><W70/><G70/><T22/><D18/><U38/><E122/><V121/><F46/><W123/><G123/><T134/><D109/><U52/><E110/><V1/><F121/><W39/><G39/><T15/><D15/><U60/><E38/><V24/><F48/><W3/><G3/><T53/><D134/><U44/><E44/><V80/><F45/><W85/><G32/><T127/><D127/><U54/><E133/><V84/><F1/><W9/><G89/><T128/><D128/><U78/><E119/><V13/><F104/><W98/><G88/><T8/><D53/><RYUUKYOKU ba="0,0" sc="217,30,400,-10,162,-10,221,-10" hai0="2,7,8,21,22,30,33,112,113,114" /><INIT seed="6,1,0,4,4,53" ten="247,390,152,211" oya="2" hai0="127,19,15,45,73,64,101,96,67,133,82,21,50" hai1="26,51,98,2,78,17,69,13,4,105,24,49,75" hai2="27,95,92,70,118,106,117,123,33,41,43,65,119" hai3="34,52,122,62,36,57,79,30,14,134,72,29,114"/><V115/><F106/><W108/><G122/><T126/><D133/><U0/><E69/><V56/><F123/><W110/><G36/><T31/><D31/><U60/><E60/><V132/><F115/><W88/><G134/><T28/><D28/><U32/><E78/><V47/><F132/><W83/><G114/><T130/><D130/><U77/><E77/><V97/><F70/><W113/><G113/><T76/><D50/><U107/><E75/><V81/><F81/><W59/><G29/><T20/><D20/><U35/><E13/><V39/><F43/><W102/><G102/><T25/><D45/><U3/><E3/><V89/><F92/><W135/><G135/><T22/><D22/><U111/><E98/><V80/><F80/><W23/><G34/><T85/><D25/><U121/><E17/><V104/><F104/><W93/><G59/><T103/><D73/><U71/><E4/><V61/><REACH who="2" step="1"/><F27/><REACH who="2" ten="247,390,142,211" step="2"/><W46/><G108/><T100/><D96/><U99/><E99/><V112/><F112/><W16/><G110/><T84/><D85/><U109/><E121/><V8/><F8/><W68/><G68/><T6/><D101/><U124/><E71/><V18/><F18/><W55/><G30/><T86/><D86/><U54/><E111/><V91/><F91/><W11/><G11/><N who="0" m="4599" /><D103/><U90/><E109/><V128/><F128/><W129/><G129/><T38/><D100/><U7/><E107/><V87/><F87/><W12/><G88/><T10/><D10/><U74/><E105/><V66/><F66/><W44/><G93/><T125/><D38/><RYUUKYOKU ba="1,1" sc="247,15,390,-15,142,15,211,-15" hai0="19,21,64,67,76,82,84,125,126,127" hai2="33,39,41,47,56,61,65,89,95,97,117,118,119" /><INIT seed="6,2,1,4,5,123" ten="262,375,157,196" oya="2" hai0="18,85,49,8,6,42,59,79,37,83,52,106,51" hai1="0,53,2,46,44,126,76,36,10,25,86,103,94" hai2="16,109,32,68,3,98,15,55,129,133,89,14,9" hai3="26,70,134,96,11,95,67,84,39,92,30,24,13"/><V57/><F68/><W100/><G39/><T99/><D37/><U125/><E25/><V127/><F129/><W60/><G134/><T113/><D113/><U69/><E69/><V80/><F127/><N who="1" m="48649" /><E103/><V135/><F133/><W77/><G30/><T66/><D66/><U122/><E122/><V31/><F135/><W33/><G33/><T108/><D108/><U101/><E76/><V43/><F43/><W107/><G92/><T4/><D99/><N who="1" m="59639" /><E86/><V102/><F3/><W1/><G1/><T72/><D72/><U75/><E75/><V48/><F109/><W110/><G110/><T118/><D106/><U56/><E10/><V61/><F31/><W21/><G21/><T12/><D118/><U104/><E104/><V132/><F32/><W22/><G22/><T78/><D79/><U119/><E119/><V115/><F115/><W45/><G45/><AGARI ba="2,1" hai="4,6,8,12,18,42,45,49,51,52,59,78,83,85" machi="45" ten="40,2600,0" yaku="8,1,54,1" doraHai="123" who="0" fromWho="3" sc="262,42,375,0,157,0,196,-32" /><INIT seed="7,0,0,3,2,42" ten="304,375,157,164" oya="3" hai0="43,47,35,111,10,19,98,75,100,71,20,109,119" hai1="45,11,48,120,17,131,32,64,46,61,26,3,133" hai2="59,128,117,66,115,129,2,135,53,13,56,33,104" hai3="102,97,90,63,24,77,54,23,108,96,122,37,85"/><W6/><G122/><T69/><D119/><U68/><E120/><V107/><F117/><W18/><G108/><T106/><D35/><U70/><E68/><V92/><F115/><W9/><G37/><T114/><D75/><U25/><E133/><V27/><F135/><W4/><G77/><T62/><D114/><U65/><E64/><V31/><F2/><W132/><G132/><T22/><D10/><U39/><E39/><V86/><F66/><W67/><G54/><T88/><D20/><U28/><E46/><V74/><F74/><W94/><G9/><T125/><D125/><U93/><E93/><V58/><F13/><W91/><G97/><T0/><D0/><U5/><E131/><N who="2" m="50251" /><F53/><W7/><REACH who="3" step="1"/><G85/><REACH who="3" ten="304,375,157,154" step="2"/><T81/><D109/><U55/><E11/><V73/><F73/><W103/><G103/><T89/><D111/><U40/><E55/><V82/><F92/><W49/><G49/><T16/><D100/><U72/><E48/><V44/><F44/><W12/><G12/><T29/><D98/><U95/><E45/><V105/><F105/><W38/><G38/><N who="0" m="22007" /><D106/><U113/><E95/><V21/><F33/><W84/><G84/><N who="0" m="50191" /><D89/><AGARI ba="0,1" hai="21,27,31,56,58,59,82,86,89,104,107" m="50251" machi="89" ten="30,1000,0" yaku="19,1" doraHai="42" who="2" fromWho="0" sc="304,-10,375,0,157,20,154,0" owari="294,9.0,375,48.0,177,-22.0,154,-35.0" /></mjloggm>