<mjloggm ver="2.3"><GO type="169" lobby="0"/><UN n0="%E3%83%9E%E3%83%AA%E3%83%83%E3%82%B5%E3%82%AF%E3%83%BC%E3%83%91%E3%83%BC" n1="%E3%82%BF%E3%83%9E%E3%83%8D%E3%82%AE" n2="%69%54%65%6E%68%6F%75" n3="%E9%9B%AA%E3%81%AE%E8%8A%B1%E3%81%8C%E5%92%B2%E3%81%8F%E9%A0%83%E3%81%AB" dan="16,16,16,16" rate="2125.96,2198.42,2192.23,2117.13" sx="M,M,M,F"/><TAIKYOKU oya="0"/><INIT seed="0,0,0,2,3,37" ten="250,250,250,250" oya="0" hai0="115,23,3,92,114,89,134,123,48,17,56,35,46" hai1="63,73,99,106,130,53,94,105,7,55,57,66,13" hai2="50,47,118,91,129,124,26,95,100,121,110,62,88" hai3="78,90,126,14,81,65,85,84,5,54,6,77,116"/><T72/><D123/><U133/><E133/><V25/><F121/><W34/><G34/><T98/><D134/><U67/><E130/><V18/><F118/><W112/><G116/><T33/><D72/><U39/><E73/><V82/><F129/><W58/><G112/><T49/><D3/><U61/><E39/><V28/><F110/><W103/><G103/><T83/><D83/><U30/><E30/><V135/><F135/><W76/><G65/><T4/><D4/><U74/><E74/><V32/><F124/><W80/><G126/><T104/><D104/><U36/><E36/><V9/><F62/><W117/><G117/><T20/><D17/><U42/><E42/><N who="2" m="24951" /><F32/><W122/><G122/><T131/><D131/><U11/><E105/><V132/><F28/><W0/><G0/><T31/><D31/><U40/><E40/><V119/><F119/><W16/><G90/><N who="2" m="34345" /><F82/><W127/><G77/><T97/><D89/><N who="1" m="55759" /><E106/><V27/><F132/><W128/><G128/><T24/><D35/><U15/><E63/><V64/><F64/><N who="1" m="24617" /><E55/><V107/><F107/><W29/><G127/><T59/><D33/><U44/><E44/><V69/><F69/><W10/><G29/><T43/><D43/><U87/><E87/><V2/><F2/><W41/><G41/><T125/><D125/><U45/><E45/><V113/><F113/><W86/><G86/><T51/><D46/><U102/><E102/><V12/><F100/><W93/><G93/><AGARI ba="0,0" hai="9,12,18,25,26,27,93,95" m="34345,24951" machi="93" ten="30,3900,0" yaku="8,1,52,1,54,1" doraHai="37" who="2" fromWho="3" sc="250,0,250,0,250,39,250,-39" /><INIT seed="1,0,0,1,1,123" ten="250,250,289,211" oya="1" hai0="43,54,46,13,69,4,59,77,80,102,89,127,49" hai1="21,68,53,18,44,86,0,93,87,29,56,19,52" hai2="94,35,133,9,103,22,15,3,98,120,67,110,76" hai3="60,48,12,33,104,51,91,72,66,88,83,70,7"/><U115/><E115/><V135/><F120/><W16/><G33/><T1/><D127/><U57/><E68/><V125/><F35/><W99/><G7/><T116/><D116/><U20/><E0/><V14/><F125/><W32/><G32/><T6/><D102/><U11/><E44/><V118/><F118/><W50/><G104/><T112/><D1/><U45/><E45/><V58/><F76/><W75/><G99/><T81/><D112/><U28/><E93/><V78/><F78/><W95/><G95/><T106/><D69/><U40/><E11/><V23/><F3/><W31/><G31/><T111/><D13/><U71/><E71/><V37/><F37/><W61/><G61/><T130/><D130/><U109/><E40/><V62/><F15/><W36/><G36/><T41/><D41/><U73/><E73/><V97/><F98/><W24/><G24/><T38/><D106/><U63/><E63/><V82/><F82/><W107/><G107/><T121/><D121/><U131/><E131/><V113/><F113/><W5/><G5/><T64/><D81/><U74/><E74/><V27/><F110/><AGARI ba="0,0" hai="18,19,20,21,28,29,52,53,56,57,86,87,109,110" machi="110" ten="25,12000,1" yaku="22,2,52,2,54,1" doraHai="123" who="1" fromWho="2" sc="250,0,250,120,289,-120,211,0" /><INIT seed="1,1,0,4,2,85" ten="250,370,169,211" oya="1" hai0="11,56,94,104,40,24,13,69,2,15,0,35,21" hai1="106,4,115,96,72,17,130,66,46,81,102,118,71" hai2="26,101,34,77,108,116,47,105,50,80,14,103,1" hai3="20,51,97,12,62,124,18,45,111,10,92,133,120"/><U99/><E115/><V107/><F1/><W117/><G120/><T48/><D69/><U82/><E118/><V98/><F14/><W95/><G117/><T9/><D104/><U23/><E130/><V25/><F116/><W131/><G131/><T57/><D94/><U134/><E134/><V68/><F68/><W6/><G133/><T128/><D40/><U126/><E126/><V122/><F122/><W83/><G124/><T76/><D76/><U7/><E96/><V8/><F8/><N who="0" m="3146" /><D48/><U60/><E46/><V70/><F70/><W65/><G111/><T91/><D91/><U74/><E81/><V90/><F34/><W84/><G97/><T64/><D64/><U88/><E74/><V79/><F108/><W38/><G38/><T53/><D53/><U129/><E129/><V93/><F25/><W121/><G121/><T109/><D128/><U43/><E43/><V75/><F26/><W123/><G123/><T52/><D52/><U3/><E3/><N who="0" m="1065" /><D35/><U39/><E39/><V32/><F32/><W55/><G62/><T127/><D109/><U110/><E110/><V132/><F132/><W86/><G65/><T119/><D119/><U135/><E135/><V33/><F33/><W73/><G73/><T54/><D127/><U30/><E72/><V89/><F50/><W37/><G37/><T27/><D27/><U16/><E106/><N who="2" m="40459" /><F47/><W78/><G84/><T67/><D67/><U63/><E71/><V31/><F79/><W114/><G114/><T44/><D44/><U87/><E66/><V61/><F75/><W58/><G45/><T49/><D57/><RYUUKYOKU ba="1,0" sc="250,15,370,-15,169,-15,211,15" hai0="13,15,21,24,49,54,56" hai3="6,10,12,18,20,51,55,58,78,83,86,92,95" /><INIT seed="2,2,0,1,1,72" ten="265,355,154,226" oya="2" hai0="46,75,58,57,100,116,29,23,107,76,19,98,128" hai1="65,54,53,108,52,112,63,64,85,77,7,114,83" hai2="22,30,44,105,132,16,113,69,82,17,74,88,60" hai3="3,124,119,61,106,66,127,87,49,34,68,99,43"/><V102/><F113/><W97/><G3/><T103/><D128/><U27/><E108/><V96/><F132/><W120/><G120/><T70/><D70/><U31/><E7/><V51/><F30/><W42/><G119/><T110/><D110/><U39/><E39/><V55/><F69/><W71/><G87/><T101/><D116/><U10/><E10/><V21/><F60/><W104/><G34/><T9/><D9/><U2/><E2/><V134/><F134/><W80/><G80/><T133/><D46/><U123/><E123/><V1/><F1/><W135/><G135/><T67/><D29/><U121/><E121/><V26/><F74/><W48/><G61/><T24/><D67/><AGARI ba="2,0" hai="42,43,48,49,66,67,68,71,97,99,104,106,124,127" machi="67" ten="25,1600,0" yaku="22,2" doraHai="72" who="3" fromWho="0" sc="265,-22,355,0,154,0,226,22" /><INIT seed="3,0,0,5,5,109" ten="243,355,154,248" oya="3" hai0="83,3,79,9,33,11,105,38,15,2,65,80,88" hai1="115,112,131,40,51,45,78,70,106,58,67,21,122" hai2="34,61,22,92,62,18,0,123,54,20,7,91,113" hai3="23,101,49,104,129,29,110,128,127,24,52,59,124"/><W108/><G101/><T66/><D105/><U126/><E106/><V47/><F34/><W56/><G56/><T26/><D38/><N who="1" m="21655" /><E78/><V103/><F103/><W44/><G59/><T120/><D120/><U48/><E21/><V119/><F119/><W102/><G102/><T42/><D42/><U77/><E77/><V81/><F81/><W41/><G41/><T82/><D79/><U93/><E93/><V36/><F123/><W107/><G107/><T53/><D53/><N who="1" m="32039" /><E122/><V86/><F22/><W97/><G97/><T25/><D82/><U30/><E30/><V132/><F132/><W1/><G1/><T57/><D57/><U72/><E72/><V75/><F75/><W17/><G29/><T121/><D121/><U116/><E116/><V28/><F28/><W84/><G84/><T4/><D15/><U10/><E10/><V111/><F111/><N who="3" m="42539" /><G104/><T99/><D99/><U87/><E87/><V19/><F0/><W43/><G43/><T125/><D88/><U63/><E51/><V50/><F36/><W74/><G74/><T32/><D4/><U94/><E94/><V55/><F7/><W90/><G90/><T60/><D60/><U73/><E73/><V89/><F61/><W85/><G85/><T13/><D83/><U16/><E63/><V68/><F91/><W35/><G35/><T64/><D80/><U14/><E67/><V95/><F86/><W133/><G133/><T96/><D65/><U98/><E98/><V5/><F89/><W71/><G71/><T27/><D96/><U39/><E70/><V76/><F68/><W100/><G100/><RYUUKYOKU ba="0,0" sc="243,-10,355,-10,154,-10,248,30" hai3="17,23,24,44,49,52,124,127,128,129" /><INIT seed="3,1,0,0,0,65" ten="233,345,144,278" oya="3" hai0="55,87,94,58,27,57,123,72,103,112,99,50,36" hai1="78,121,60,56,21,35,133,4,132,96,135,59,120" hai2="115,48,37,97,98,39,81,108,49,122,93,75,3" hai3="7,95,44,52,16,43,66,10,30,134,131,51,109"/><W14/><G134/><T71/><D123/><N who="1" m="47179" /><E35/><V76/><F122/><W63/><G131/><T119/><D119/><U100/><E78/><V68/><F115/><W11/><G30/><T23/><D112/><U31/><E4/><V64/><F108/><W6/><G109/><T85/><D72/><U101/><E60/><V70/><F3/><W90/><G43/><T77/><D36/><U107/><E101/><V47/><F64/><W40/><G40/><T9/><D9/><U62/><E62/><V17/><F17/><W92/><G11/><T79/><D58/><U53/><E53/><V126/><F126/><W61/><G61/><T2/><D2/><U117/><E117/><V20/><F20/><W104/><G104/><T128/><D128/><U54/><E54/><V24/><F24/><AGARI ba="1,0" hai="21,24,31,56,59,96,100,107,132,133,135" m="47179" machi="24" ten="40,1300,0" yaku="20,1" doraHai="65" who="1" fromWho="2" sc="233,0,345,16,144,-16,278,0" /><INIT seed="4,0,0,4,3,101" ten="233,361,128,278" oya="0" hai0="84,40,2,114,21,127,92,73,106,96,12,87,97" hai1="53,113,64,45,112,81,123,93,107,47,10,6,91" hai2="79,7,49,60,80,38,58,36,43,5,32,120,56" hai3="104,111,99,119,68,133,95,0,102,35,105,28,130"/><T76/><D2/><U65/><E123/><V26/><F120/><W63/><G111/><T110/><D40/><U100/><E81/><V4/><F32/><W122/><G122/><T75/><D12/><N who="1" m="5207" /><E100/><V126/><F126/><W103/><G119/><T86/><D21/><U8/><E8/><V44/><F26/><N who="3" m="18839" /><G133/><T90/><D110/><U17/><E107/><V23/><F23/><W69/><G95/><N who="0" m="56439" /><D127/><U15/><E53/><V16/><F36/><W98/><G130/><T67/><D67/><N who="1" m="25675" /><E113/><V29/><F29/><W128/><G128/><T27/><D114/><U116/><E112/><V18/><F38/><W124/><G124/><T121/><D27/><U34/><E34/><V78/><F80/><W74/><G74/><N who="0" m="28171" /><D121/><U109/><E116/><V13/><F13/><W70/><G63/><T59/><D59/><N who="2" m="22570" /><F60/><W54/><G54/><T82/><D106/><U83/><E109/><V129/><F129/><W108/><G108/><T134/><D134/><U42/><E42/><V118/><F118/><W9/><G69/><T131/><D131/><U89/><E15/><V52/><F43/><W66/><G66/><T46/><D46/><U51/><E47/><V30/><F30/><W22/><G22/><T135/><D135/><U50/><E45/><V3/><F3/><W37/><G37/><T94/><D97/><N who="1" m="57519" /><E17/><AGARI ba="0,0" hai="4,5,7,16,17,18,44,49,52,78,79" m="22570" machi="17" ten="30,3900,0" yaku="8,1,54,2" doraHai="101" who="2" fromWho="1" sc="233,0,361,-39,128,39,278,0" /><INIT seed="5,0,0,5,1,124" ten="233,322,167,278" oya="1" hai0="50,18,44,17,64,106,82,12,29,33,130,72,93" hai1="8,97,133,112,121,19,127,28,95,79,53,132,62" hai2="87,110,63,65,107,10,38,78,75,51,94,47,60" hai3="56,134,71,0,69,5,74,6,100,105,109,131,7"/><U22/><E121/><V104/><F110/><W32/><G109/><T98/><D106/><U61/><E127/><V26/><F75/><W67/><G134/><N who="1" m="51818" /><E112/><V129/><F38/><W85/><G74/><T43/><D64/><U34/><E79/><V99/><F63/><W13/><G0/><T68/><D68/><U73/><E8/><V135/><F135/><W116/><G116/><T27/><D72/><U101/><E53/><V123/><F123/><W76/><G56/><T128/><D82/><U84/><E84/><V57/><F26/><W59/><G59/><T9/><REACH who="0" step="1"/><D18/><REACH who="0" ten="223,322,167,278" step="2"/><U96/><E19/><V14/><F104/><W16/><G67/><T42/><D42/><U52/><E73/><V89/><F107/><W3/><G71/><T108/><D108/><U111/><E52/><V40/><F78/><W31/><G69/><T23/><D23/><U41/><E22/><V115/><F115/><W125/><G105/><T117/><D117/><U2/><E41/><V83/><F83/><W86/><G32/><T55/><D55/><U48/><E34/><V81/><F81/><W120/><G76/><T119/><D119/><U77/><E77/><V113/><F113/><W45/><G125/><T30/><D30/><U54/><E28/><V4/><REACH who="2" step="1"/><F99/><REACH who="2" ten="223,322,157,278" step="2"/><W49/><G120/><T80/><D80/><U114/><E97/><V20/><F20/><W11/><G11/><T88/><AGARI ba="0,2" hai="9,12,17,27,29,33,43,44,50,88,93,98,128,130" machi="88" ten="30,12000,2" yaku="1,1,0,1,52,2,54,1,53,1" doraHai="124" doraHaiUra="46" who="0" fromWho="0" sc="223,140,322,-60,157,-30,278,-30" /><INIT seed="6,0,0,0,3,120" ten="363,262,127,248" oya="2" hai0="90,69,30,62,110,3,70,40,80,101,41,127,95" hai1="24,93,31,54,121,128,2,82,111,18,28,87,53" hai2="104,100,51,13,23,73,25,79,88,57,116,6,46" hai3="50,16,98,61,22,5,113,126,91,47,32,74,4"/><V97/><F116/><W20/><G32/><T39/><D3/><U75/><E111/><V123/><F123/><W44/><G74/><T107/><D110/><U33/><E121/><V89/><F57/><W14/><G126/><T27/><D70/><U1/><E31/><V43/><F73/><W81/><G113/><T55/><D80/><U131/><E93/><V38/><F79/><W86/><G61/><T118/><D55/><N who="1" m="21003" /><E18/><V36/><F6/><N who="3" m="2667" /><G98/><N who="0" m="61879" /><D39/><U66/><E66/><V48/><F13/><W102/><G102/><T64/><D127/><U42/><E42/><V135/><F135/><W83/><G83/><T60/><D60/><U68/><E68/><V114/><F114/><W15/><G50/><T78/><D78/><N who="1" m="46551" /><E75/><V58/><F58/><W29/><G29/><T45/><D45/><N who="3" m="17481" /><G14/><T122/><D122/><U0/><E0/><V76/><F51/><W71/><G71/><T49/><D49/><U10/><E1/><V12/><F76/><W65/><G65/><T7/><D7/><U103/><E103/><V26/><F12/><W119/><G119/><T17/><D118/><U105/><E105/><V67/><F67/><W125/><G125/><T77/><D77/><U132/><E132/><V21/><F36/><W34/><G34/><N who="0" m="20831" /><D17/><U92/><E92/><V84/><F38/><W8/><AGARI ba="0,0" hai="8,15,16,20,22,81,86,91" m="17481,2667" machi="8" ten="30,2000,0" yaku="8,1,54,1" doraHai="120" who="3" fromWho="3" sc="363,-5,262,-5,127,-10,248,20" /><INIT seed="7,0,0,2,2,6" ten="358,257,117,268" oya="3" hai0="119,42,100,83,33,29,25,45,30,5,122,76,1" hai1="98,106,90,82,121,56,65,49,67,73,77,89,2" hai2="17,84,111,128,79,104,74,46,107,81,41,93,35" hai3="118,15,13,44,96,38,133,113,125,99,110,94,50"/><W26/><G118/><T85/><D119/><U109/><E109/><V39/><F35/><W10/><G110/><T60/><D122/><U11/><E121/><V48/><F111/><W0/><G38/><T127/><D127/><U86/><E89/><V23/><F128/><W36/><G36/><T130/><D130/><U123/><E123/><V24/><F39/><W22/><G125/><T40/><D100/><N who="1" m="62743" /><E49/><V97/><F74/><W55/><G133/><T9/><D45/><U91/><E91/><V70/><F70/><W52/><G113/><T31/><D31/><U92/><E56/><V7/><F104/><W126/><G126/><T132/><D132/><U72/><E72/><V53/><F107/><W19/><G55/><T32/><D60/><U58/><E58/><V3/><F3/><W75/><G75/><T16/><D16/><U112/><E112/><V116/><F116/><W43/><G43/><T18/><D18/><U108/><E108/><V66/><F66/><W62/><G62/><T28/><D28/><U12/><E2/><V114/><F114/><W4/><G99/><T95/><D95/><U20/><E20/><V21/><F21/><W134/><G134/><T69/><D69/><U117/><E117/><V80/><F80/><W8/><G8/><T57/><D57/><U129/><E129/><V14/><F53/><W124/><G124/><T47/><D47/><U102/><E102/><AGARI ba="0,0" hai="0,4,10,13,15,19,22,26,44,50,52,94,96,102" machi="102" ten="30,5800,0" yaku="7,1,52,1,54,1" doraHai="6" who="3" fromWho="1" sc="358,0,257,-58,117,0,268,58" /><INIT seed="7,1,0,3,1,115" ten="358,199,117,326" oya="3" hai0="98,60,67,48,113,129,51,14,107,121,96,110,18" hai1="127,124,81,8,122,99,132,134,77,49,29,23,36" hai2="101,34,114,16,65,105,3,103,24,39,116,19,93" hai3="40,66,52,106,38,4,54,76,97,37,7,120,104"/><W85/><G120/><T30/><D110/><U2/><E36/><V33/><F39/><W5/><G66/><T108/><D108/><U117/><E117/><V57/><F105/><W41/><G4/><T75/><D121/><U130/><E122/><V111/><F111/><W69/><G85/><T87/><D75/><N who="1" m="43199" /><E130/><V70/><F70/><W15/><G15/><T1/><D113/><U11/><E49/><N who="0" m="19017" /><D1/><U31/><E99/><N who="0" m="37929" /><D107/><U35/><E35/><V10/><F114/><W131/><G97/><T82/><D129/><U112/><E112/><V102/><F93/><W74/><G131/><T26/><D30/><N who="1" m="11275" /><E23/><V86/><F86/><W58/><G58/><N who="0" m="37271" /><D26/><U50/><E50/><V125/><F3/><W128/><G128/><T28/><D28/><U83/><E83/><V56/><F65/><W84/><G84/><T72/><D72/><U32/><E11/><V94/><F94/><W100/><G74/><T47/><D47/><U63/><E63/><V22/><F10/><W20/><G76/><T78/><D14/><U21/><E21/><V133/><F133/><N who="1" m="51305" /><E32/><N who="2" m="12395" /><F125/><W135/><G135/><T91/><D18/><N who="2" m="6698" /><F22/><W13/><G20/><T90/><AGARI ba="1,0" hai="78,82,87,90,91" m="37271,37929,19017" machi="90" ten="30,1100,0" yaku="8,1" doraHai="115" who="0" fromWho="0" sc="358,14,199,-4,117,-4,326,-6" owari="372,47.0,195,-20.0,113,-39.0,320,12.0" /></mjloggm>