<mjloggm ver="2.3"><GO type="169" lobby="0"/><UN n0="%E5%AE%88%E8%AD%B7%E7%A5%9E%E3%81%A8%E9%AC%BC%E5%AB%81" n1="%E7%82%8E%E3%81%AE%E3%83%88%E3%83%AC%E3%83%BC%E3%83%80%E3%83%BC" n2="%62%6F%79%61%74%65%74%75" n3="%43%E3%82%A8%E3%83%BC%E3%82%B8%E3%82%A7%E3%83%B3%E3%83%88" dan="16,16,17,16" rate="2144.55,2154.00,2183.27,2071.83" sx="M,M,M,M"/><TAIKYOKU oya="0"/><INIT seed="0,0,0,5,5,74" ten="250,250,250,250" oya="0" hai0="82,57,94,37,63,32,35,49,123,135,93,117,10" hai1="133,16,127,30,56,105,92,9,126,41,33,21,13" hai2="130,77,131,52,99,39,85,81,23,43,90,7,124" hai3="20,80,8,108,72,76,95,34,101,31,1,134,65"/><T58/><D37/><U18/><E105/><V62/><F124/><N who="1" m="47657" /><E41/><V100/><F7/><W120/><G134/><T19/><D123/><U3/><E92/><V110/><F110/><W97/><G108/><T111/><D111/><U17/><E56/><N who="2" m="35079" /><F43/><W45/><G45/><T125/><D125/><U103/><E103/><V71/><F71/><W84/><G65/><T75/><D135/><U28/><E133/><V87/><F23/><W11/><G1/><T98/><D94/><U109/><E109/><V27/><F27/><W70/><G70/><T107/><D107/><U42/><E42/><V4/><F4/><W91/><G34/><T132/><D132/><U2/><E33/><V12/><F39/><W64/><G64/><T89/><D117/><U106/><E106/><V61/><F61/><W36/><G120/><T55/><D10/><U128/><E128/><V115/><F131/><W122/><G122/><T44/><D19/><N who="1" m="7243" /><E30/><V15/><F130/><W112/><G36/><T54/><REACH who="0" step="1"/><D44/><REACH who="0" ten="240,250,250,250" step="2"/><U29/><E29/><V79/><F100/><W51/><G31/><T68/><D68/><U26/><AGARI ba="0,1" hai="2,3,9,13,18,21,26,28" m="7243,47657" machi="26" ten="30,7900,0" yaku="18,1,34,2,54,1" doraHai="74" who="1" fromWho="1" sc="240,-39,250,89,250,-20,250,-20" /><INIT seed="1,0,0,4,0,55" ten="201,339,230,230" oya="1" hai0="64,132,99,70,33,98,118,76,39,113,49,26,8" hai1="51,135,35,52,87,100,31,47,122,41,82,130,44" hai2="95,28,57,20,15,16,23,53,48,65,68,0,91" hai3="27,10,89,9,133,78,85,114,75,13,86,101,119"/><U1/><E1/><V61/><F0/><W84/><G114/><T88/><D39/><U96/><E122/><V105/><F105/><W104/><G133/><T58/><D113/><U117/><E135/><V129/><F129/><W134/><G134/><T74/><D132/><U62/><E130/><V5/><F5/><W112/><G112/><T90/><D118/><U42/><E117/><V131/><F131/><W63/><G119/><T106/><D8/><U126/><E126/><V127/><F127/><W124/><G124/><T107/><D70/><U120/><E120/><V71/><F71/><W25/><G9/><T92/><D33/><U73/><E73/><V77/><F77/><W109/><G109/><T54/><D26/><U121/><E121/><V34/><F34/><W36/><G36/><T81/><D64/><U29/><E35/><V115/><F115/><W37/><G37/><T11/><D11/><U3/><E3/><V6/><F6/><W32/><G63/><T72/><D72/><U67/><E96/><V59/><F68/><W19/><G89/><T125/><D125/><U56/><E100/><V4/><F4/><W46/><G46/><T111/><D111/><U80/><E80/><V128/><F128/><W123/><G123/><T7/><D7/><U14/><E14/><V24/><F95/><AGARI ba="0,0" hai="49,54,58,74,76,81,88,90,92,95,98,99,106,107" machi="95" ten="40,5200,0" yaku="9,1,52,1,54,1" doraHai="55" who="0" fromWho="2" sc="201,52,339,0,230,-52,230,0" /><INIT seed="2,0,0,1,1,108" ten="253,339,178,230" oya="2" hai0="69,76,24,121,8,41,70,111,67,5,62,4,48" hai1="93,21,65,16,119,97,36,113,60,28,77,6,35" hai2="27,86,132,129,75,3,80,59,32,79,104,18,25" hai3="9,57,131,58,39,55,50,14,101,89,103,91,117"/><V51/><F129/><W10/><G39/><T74/><D121/><U82/><E119/><V127/><F127/><W19/><G131/><T26/><D111/><U87/><E36/><V30/><F132/><W64/><G117/><T45/><D70/><U133/><E6/><V100/><F3/><W40/><G40/><T123/><D123/><U114/><E133/><V73/><F104/><W0/><G0/><T120/><D120/><U71/><E28/><V88/><F100/><N who="3" m="38475" /><G9/><T33/><D33/><U56/><E35/><V115/><F115/><W61/><AGARI ba="0,0" hai="10,14,19,50,55,57,58,61,64,89,91" m="38475" machi="61" ten="30,1100,0" yaku="8,1" doraHai="108" who="3" fromWho="3" sc="253,-3,339,-3,178,-5,230,11" /><INIT seed="3,0,0,1,3,40" ten="250,336,173,241" oya="3" hai0="41,70,67,95,29,59,71,49,124,44,54,100,10" hai1="106,134,74,25,19,121,104,53,7,2,84,65,24" hai2="109,94,38,108,129,85,30,89,87,51,52,34,133" hai3="45,33,97,27,9,5,127,73,23,60,93,82,68"/><W77/><G127/><T55/><D124/><U120/><E74/><V22/><F34/><W56/><G33/><T103/><D29/><U117/><E134/><V43/><F133/><W8/><G68/><T21/><D10/><U0/><E117/><V46/><F129/><W92/><G45/><T111/><D111/><N who="2" m="42570" /><F30/><W116/><G116/><T91/><D21/><U88/><E65/><V114/><F22/><W107/><G107/><T37/><D55/><U125/><E125/><V63/><F114/><W18/><G92/><T132/><D71/><U50/><E104/><V112/><F112/><W17/><G18/><T78/><D78/><U83/><E106/><V76/><F63/><W99/><G99/><T105/><D105/><U96/><E96/><N who="2" m="57423" /><F76/><W110/><G5/><T36/><D36/><U42/><E7/><V16/><F16/><W28/><G28/><T58/><D132/><U32/><E25/><V47/><AGARI ba="0,0" hai="38,43,46,47,51,52,85,87" m="57423,42570" machi="47" ten="30,7900,0" yaku="14,1,52,2,54,1" doraHai="40" who="2" fromWho="2" sc="250,-20,336,-20,173,79,241,-39" /><INIT seed="4,0,0,2,3,100" ten="230,316,252,202" oya="0" hai0="109,47,132,106,128,25,5,34,23,29,2,63,48" hai1="85,41,36,26,22,103,79,59,53,11,91,51,1" hai2="4,49,131,7,0,120,33,80,77,50,42,68,69" hai3="111,64,112,31,115,57,116,113,70,71,82,98,62"/><T124/><D106/><U35/><E35/><V88/><F33/><W73/><G31/><T60/><D132/><U126/><E126/><V18/><F120/><W119/><G98/><T92/><D124/><U121/><E121/><V110/><F131/><W94/><G94/><T104/><D128/><U134/><E134/><V95/><F110/><W74/><G82/><T17/><D104/><U118/><E118/><N who="3" m="45098" /><G73/><T133/><D133/><U96/><E79/><V55/><F42/><W56/><G74/><T108/><D92/><U16/><E36/><V101/><F101/><W32/><G32/><T3/><D3/><U117/><E41/><V122/><F122/><W54/><G111/><N who="0" m="42571" /><D5/><U84/><E117/><V102/><F102/><W40/><G40/><N who="0" m="24679" /><D2/><U123/><E123/><V21/><F4/><W58/><G70/><T27/><AGARI ba="0,0" hai="17,23,25,27,29,34,60,63" m="24679,42571" machi="27" ten="30,1500,0" yaku="10,1" doraHai="100" who="0" fromWho="0" sc="230,15,316,-5,252,-5,202,-5" /><INIT seed="4,1,0,3,3,45" ten="245,311,247,197" oya="0" hai0="71,42,101,22,87,135,41,123,94,7,88,116,29" hai1="100,127,53,106,77,118,103,85,38,68,59,134,66" hai2="5,109,55,75,17,93,131,44,9,73,4,20,14" hai3="97,67,117,110,18,111,84,108,83,40,37,95,112"/><T113/><D71/><U48/><E118/><V62/><F109/><W98/><G67/><T46/><D116/><U70/><E70/><V25/><F131/><W107/><G117/><T3/><D123/><U39/><E134/><V124/><F124/><W115/><G18/><T89/><D135/><U63/><E127/><V6/><F73/><W126/><G40/><T82/><D101/><U0/><E0/><V96/><F75/><W122/><G37/><T102/><D102/><U91/><E77/><V90/><REACH who="2" step="1"/><F44/><REACH who="2" ten="245,311,237,197" step="2"/><W32/><G126/><T23/><D46/><U119/><E119/><V129/><F129/><W50/><G122/><T12/><D113/><U125/><E125/><V13/><F13/><W61/><G115/><T74/><D74/><U86/><E106/><V16/><F16/><W114/><G107/><T92/><D3/><U72/><E72/><V104/><F104/><W11/><G112/><T76/><D12/><U2/><E2/><V79/><F79/><W47/><G114/><T130/><D130/><U43/><E38/><V21/><F21/><N who="0" m="7690" /><D29/><U24/><E24/><V69/><F69/><W65/><G47/><T56/><D7/><U54/><E39/><V33/><F33/><W78/><G32/><T81/><D56/><AGARI ba="1,1" hai="4,5,6,9,14,17,20,25,55,56,62,90,93,96" machi="56" ten="40,8000,1" yaku="1,1,25,2,8,1,53,1" doraHai="45" doraHaiUra="58" who="2" fromWho="0" sc="245,-83,311,0,237,93,197,0" /><INIT seed="5,0,0,0,3,103" ten="162,311,330,197" oya="1" hai0="119,55,61,74,33,46,132,121,127,6,114,77,40" hai1="93,86,59,76,124,35,118,135,81,113,41,108,42" hai2="56,109,10,52,1,63,30,2,68,97,0,12,106" hai3="104,38,78,130,39,9,28,107,129,70,83,128,11"/><U99/><E118/><V111/><F68/><W69/><G28/><T37/><D33/><U95/><E113/><V50/><F30/><W58/><G58/><N who="0" m="35039" /><D6/><U73/><E35/><V131/><F131/><W47/><G47/><T72/><D77/><U53/><E135/><V62/><F62/><W133/><G133/><T101/><D101/><U96/><E124/><V3/><N who="2" m="0" /><DORA hai="116" /><V20/><F20/><W49/><G49/><T43/><D74/><U91/><E73/><V82/><F82/><W31/><G31/><T120/><D72/><U84/><E108/><V117/><F63/><W102/><G102/><T60/><D132/><U110/><E110/><V5/><F117/><W16/><G83/><T94/><D94/><U27/><E27/><V45/><F45/><W15/><G78/><T65/><D119/><U19/><E19/><V22/><F22/><W48/><G48/><T67/><D114/><U98/><REACH who="1" step="1"/><E93/><REACH who="1" ten="162,301,330,197" step="2"/><V44/><F109/><W125/><G125/><T115/><D115/><U57/><E57/><V71/><F111/><W7/><G69/><N who="0" m="42151" /><D127/><U112/><E112/><V29/><F71/><W122/><G70/><T34/><D34/><U4/><E4/><V36/><F5/><W13/><REACH who="3" step="1"/><G122/><REACH who="3" ten="162,301,330,187" step="2"/><N who="0" m="47211" /><D67/><U64/><E64/><V66/><F66/><W85/><G85/><T126/><D126/><U123/><E123/><V32/><F32/><W105/><AGARI ba="0,2" hai="7,9,11,13,15,16,38,39,104,105,107,128,129,130" machi="105" ten="40,16000,3" yaku="1,1,0,1,19,1,52,3,54,1,53,1" doraHai="103,116" doraHaiUra="17,14" who="3" fromWho="3" sc="162,-40,301,-80,330,-40,187,180" /><INIT seed="6,0,0,1,3,115" ten="122,221,290,367" oya="2" hai0="65,32,86,100,80,89,77,36,34,56,135,66,83" hai1="118,39,117,59,29,11,73,3,13,58,90,114,111" hai2="27,79,72,10,40,96,124,88,84,67,2,51,85" hai3="74,61,106,107,25,45,21,47,53,31,57,48,134"/><V119/><F124/><W120/><G120/><T132/><D36/><U92/><E73/><V44/><F72/><W93/><G74/><T60/><D100/><U8/><E39/><V95/><F119/><W76/><G76/><T6/><D6/><U42/><E42/><V38/><F38/><W122/><G122/><T78/><D66/><U87/><E111/><V35/><F67/><W0/><G0/><T63/><D63/><U91/><E29/><V49/><F49/><W19/><G134/><T82/><D89/><U127/><E13/><V37/><F37/><W12/><G93/><T4/><D4/><U109/><E92/><V28/><REACH who="2" step="1"/><F79/><REACH who="2" ten="122,221,280,367" step="2"/><W52/><REACH who="3" step="1"/><G45/><REACH who="3" ten="122,221,280,357" step="2"/><T24/><D78/><U128/><E127/><V121/><F121/><W116/><G116/><T98/><D132/><U9/><E118/><V81/><F81/><W18/><G18/><T55/><D135/><U15/><E117/><V130/><F130/><W101/><G101/><T26/><D83/><U68/><E128/><V1/><F1/><W104/><G104/><T5/><D82/><U94/><E3/><V103/><F103/><W16/><G16/><T64/><D80/><U112/><E112/><V54/><F54/><W46/><G46/><T125/><D55/><U23/><E114/><V62/><F62/><W69/><G69/><T50/><D60/><U105/><E68/><V113/><F113/><W129/><G129/><T108/><D77/><U75/><E105/><V133/><F133/><W110/><G110/><T102/><D108/><U97/><E109/><V14/><F14/><W30/><G30/><RYUUKYOKU ba="0,2" sc="122,-15,221,-15,280,15,357,15" hai2="2,10,27,28,35,40,44,51,84,85,88,95,96" hai3="12,19,21,25,31,47,48,52,53,57,61,106,107" /><INIT seed="6,1,2,5,2,79" ten="107,206,295,372" oya="2" hai0="118,111,67,91,0,107,45,27,96,129,33,94,16" hai1="40,18,48,59,99,116,15,31,82,112,125,84,30" hai2="17,52,83,135,97,56,46,114,105,113,11,70,63" hai3="102,80,72,117,78,6,65,115,49,88,19,4,22"/><V35/><F135/><W34/><G34/><T126/><D111/><U38/><E116/><V39/><F35/><W55/><G117/><T109/><D109/><U132/><E112/><N who="2" m="43115" /><F70/><W95/><G102/><T60/><D118/><U47/><E132/><V81/><F105/><W69/><G65/><T2/><D129/><U44/><E99/><V20/><F11/><W8/><G8/><T51/><D107/><U10/><E59/><V13/><F97/><W100/><G100/><T36/><D36/><U98/><E98/><V54/><F54/><W14/><G69/><T92/><D92/><U50/><E125/><V24/><F24/><W104/><G104/><T25/><D126/><U37/><E37/><V57/><F57/><N who="3" m="33007" /><G115/><T62/><D62/><U75/><E75/><V90/><F90/><W28/><G28/><T68/><D27/><U21/><E38/><V87/><F87/><AGARI ba="1,2" hai="4,6,14,19,22,72,78,80,87,88,95" m="33007" machi="87" ten="30,3900,0" yaku="25,1,52,1,54,1" doraHai="79" who="3" fromWho="2" sc="107,0,206,0,295,-42,372,62" /><INIT seed="7,0,0,2,5,112" ten="107,206,253,434" oya="3" hai0="44,108,46,55,21,91,87,71,3,101,126,73,39" hai1="51,134,64,127,92,130,104,121,80,18,49,16,36" hai2="98,67,58,125,20,82,7,109,76,110,6,105,4" hai3="97,12,14,52,115,120,11,119,83,129,47,15,79"/><W50/><G119/><T75/><D3/><U124/><E104/><V81/><F20/><W22/><G129/><T66/><D108/><U117/><E121/><V9/><F9/><W35/><G35/><T65/><D101/><U34/><E36/><V123/><F82/><W24/><G97/><T89/><D21/><U114/><E130/><V99/><F99/><W102/><G102/><T61/><D87/><U48/><E34/><V43/><F43/><W40/><G115/><T63/><D39/><U85/><E114/><V107/><F107/><W103/><G103/><T26/><D26/><U116/><E92/><V10/><F10/><W45/><G120/><T2/><D2/><U100/><E64/><V32/><F67/><W72/><G22/><T38/><D38/><U74/><E134/><V25/><F32/><W59/><G24/><T1/><D1/><U28/><E28/><V41/><F25/><W30/><G30/><T53/><REACH who="0" step="1"/><D126/><REACH who="0" ten="97,206,253,434" step="2"/><N who="1" m="48171" /><E100/><V118/><F125/><W31/><G31/><T29/><D29/><U113/><E113/><V95/><F109/><W94/><G11/><T84/><D84/><U19/><E74/><V0/><F110/><W96/><G12/><T68/><AGARI ba="0,1" hai="44,46,53,55,61,63,65,66,68,71,73,75,89,91" machi="68" ten="25,6400,0" yaku="1,1,0,1,22,2,53,0" doraHai="112" doraHaiUra="93" who="0" fromWho="0" sc="97,74,206,-16,253,-16,434,-32" owari="171,-33.0,190,-21.0,237,4.0,402,50.0" /></mjloggm>