<mjloggm ver="2.3"><GO type="169" lobby="0"/><UN n0="%E3%82%AB%E3%83%AB%E3%83%AD%E3%83%BB%E3%83%91%E3%83%94%E3%82%B3" n1="%E6%9B%BF%E7%8E%89%E5%9B%BA%E9%BA%BA" n2="%E3%81%86%E3%81%95%E3%81%8E%E3%83%95%E3%82%A1%E3%83%B3%E3%82%B7%E3%83%BC" n3="%E3%81%97%E3%82%87%E3%81%93%E3%81%97%E3%82%87%E3%81%93" dan="16,16,17,17" rate="2074.20,2124.74,2198.17,2196.08" sx="F,M,M,M"/><TAIKYOKU oya="0"/><INIT seed="0,0,0,5,2,125" ten="250,250,250,250" oya="0" hai0="112,53,134,124,92,44,114,65,6,87,67,12,126" hai1="22,128,42,60,97,121,4,104,98,30,21,34,95" hai2="0,59,50,26,8,93,45,117,2,39,36,80,108" hai3="129,96,20,61,3,78,57,25,70,17,14,31,76"/><T116/><D116/><U52/><E121/><V37/><F117/><W101/><G70/><T123/><D123/><U88/><E42/><V40/><F108/><W81/><G3/><T130/><D134/><U75/><E75/><V71/><F71/><W55/><G129/><T82/><D92/><N who="1" m="56455" /><E128/><V100/><F80/><W46/><G46/><T113/><D130/><U79/><E34/><V115/><F115/><W120/><G81/><T13/><D67/><U83/><E104/><V131/><F131/><W90/><G90/><T107/><D65/><U29/><E4/><V63/><F26/><W118/><G120/><T133/><D107/><U15/><E83/><V19/><F100/><W32/><REACH who="3" step="1"/><G118/><REACH who="3" ten="250,250,250,240" step="2"/><T64/><D113/><U135/><E135/><V122/><F122/><W109/><G109/><T66/><D133/><U103/><E79/><V43/><F2/><W28/><G28/><N who="1" m="10858" /><E15/><N who="2" m="7655" /><F0/><W102/><G102/><T91/><D112/><U85/><E85/><V51/><F39/><W110/><G110/><T35/><D114/><U1/><E1/><V56/><F37/><W48/><G48/><N who="0" m="28807" /><D13/><U94/><E94/><AGARI ba="0,1" hai="14,17,20,25,31,32,55,57,61,76,78,94,96,101" machi="94" ten="30,2000,0" yaku="1,1,7,1,53,0" doraHai="125" doraHaiUra="33" who="3" fromWho="1" sc="250,0,250,-20,250,0,240,30" /><INIT seed="1,0,0,3,5,63" ten="250,230,250,270" oya="1" hai0="115,124,113,104,28,96,49,108,116,48,52,70,7" hai1="34,15,130,114,66,75,119,121,84,13,33,91,129" hai2="107,92,10,37,112,100,109,67,89,105,118,51,93" hai3="20,58,29,5,126,22,62,82,50,32,24,101,72"/><U68/><E119/><V26/><F37/><W102/><G126/><T73/><D73/><U133/><E114/><V6/><F118/><W14/><G50/><T120/><D7/><U83/><E121/><V2/><F112/><N who="0" m="43082" /><D28/><U11/><E13/><V127/><F127/><W60/><G62/><T40/><D96/><U12/><E12/><V78/><F109/><W21/><G72/><T69/><D104/><U46/><E75/><V64/><F78/><W54/><G82/><T39/><D124/><U23/><E23/><V3/><F3/><W132/><G132/><T125/><D125/><U76/><E133/><V122/><F122/><W81/><G81/><T86/><D86/><U98/><E46/><V4/><F4/><W27/><G32/><T25/><D49/><U134/><E134/><V19/><F100/><W31/><REACH who="3" step="1"/><G21/><REACH who="3" ten="250,230,250,260" step="2"/><T61/><D61/><N who="1" m="40015" /><E76/><V90/><F51/><W131/><G131/><N who="1" m="50186" /><E98/><V36/><F36/><W8/><AGARI ba="0,1" hai="5,8,14,20,22,24,27,29,31,54,58,60,101,102" machi="8" ten="30,7900,0" yaku="1,1,0,1,9,1,8,1,53,0" doraHai="63" doraHaiUra="117" who="3" fromWho="3" sc="250,-20,230,-39,250,-20,260,89" /><INIT seed="2,0,0,2,5,5" ten="230,191,230,349" oya="2" hai0="65,104,55,42,124,29,78,76,56,43,127,53,89" hai1="40,125,59,16,2,47,90,44,8,135,64,116,1" hai2="32,37,119,50,63,93,4,3,84,123,68,0,72" hai3="13,102,7,80,105,96,85,49,81,117,41,21,109"/><V27/><F119/><W79/><G117/><T128/><D104/><U57/><E116/><V26/><F123/><W98/><G109/><T87/><D29/><U36/><E125/><V17/><F72/><W115/><G115/><T129/><D89/><U35/><E135/><V126/><F37/><W107/><G80/><T25/><D25/><U74/><E35/><V94/><F126/><N who="0" m="48170" /><D87/><U101/><E101/><V133/><F133/><W95/><G98/><T46/><D78/><U39/><E64/><V58/><F68/><W130/><G130/><N who="0" m="50283" /><D76/><U70/><E70/><V15/><F50/><W73/><G73/><T103/><D103/><U92/><E74/><V14/><F14/><W118/><G118/><T22/><D22/><U23/><E47/><V67/><F4/><W131/><G131/><T51/><D43/><U6/><E1/><V33/><F33/><W97/><G97/><T120/><D120/><U28/><E28/><V106/><F106/><W100/><G100/><T31/><D31/><U61/><E39/><V60/><F32/><W18/><G7/><T113/><D113/><U52/><E59/><N who="2" m="37279" /><F3/><W71/><G71/><T114/><D114/><U66/><E66/><N who="2" m="39287" /><F0/><W20/><G20/><T112/><D112/><U91/><E92/><N who="2" m="35435" /><F84/><W121/><G121/><T11/><D65/><U38/><E38/><V54/><F27/><AGARI ba="0,0" hai="2,6,8,16,23,27,36,40,44,52,57,61,90,91" machi="27" ten="30,7700,0" yaku="7,1,52,1,54,2" doraHai="5" who="1" fromWho="2" sc="230,0,191,77,230,-77,349,0" /><INIT seed="3,0,0,0,3,135" ten="230,268,153,349" oya="3" hai0="97,45,21,9,31,65,56,96,32,70,108,30,59" hai1="131,18,98,79,26,111,38,72,6,94,105,15,10" hai2="71,33,129,53,115,106,102,11,125,5,81,42,92" hai3="25,63,57,12,93,109,68,64,74,43,13,67,78"/><W19/><G43/><T95/><D108/><U117/><E111/><V107/><F115/><W28/><G109/><T27/><D32/><U3/><E131/><V83/><F33/><W0/><G0/><T75/><D75/><U73/><E117/><V86/><F71/><W76/><G74/><T39/><D9/><U114/><E114/><V1/><F129/><W88/><G67/><T44/><D31/><U123/><E123/><V127/><F42/><W24/><G68/><T121/><D121/><U118/><E118/><V113/><F113/><W14/><G19/><T87/><D87/><U52/><E105/><V80/><F53/><W90/><G90/><T101/><D97/><U133/><E26/><N who="3" m="10346" /><G28/><T110/><D110/><U20/><E79/><V46/><F46/><W55/><G64/><T22/><D39/><U16/><E18/><V91/><REACH who="2" step="1"/><F102/><REACH who="2" ten="230,268,143,349" step="2"/><W54/><G54/><T132/><D44/><U60/><E38/><V61/><F61/><W120/><G120/><T128/><D45/><U40/><E40/><V119/><F119/><W47/><G47/><T104/><D101/><U35/><E35/><V82/><N who="2" m="20480" /><DORA hai="116" /><V84/><F84/><AGARI ba="0,1" hai="12,13,14,55,57,63,76,78,84,88,93" m="10346" machi="84" ten="30,2900,0" yaku="8,1,54,1" doraHai="135,116" who="3" fromWho="2" sc="230,0,268,0,143,-29,349,39" /><INIT seed="3,1,0,4,5,120" ten="230,268,114,388" oya="3" hai0="94,79,109,85,60,18,83,93,69,67,72,34,76" hai1="116,68,77,53,89,47,134,121,71,104,14,108,75" hai2="2,74,113,103,35,33,95,51,17,91,105,49,19" hai3="58,64,128,13,39,56,4,54,78,44,6,3,20"/><W40/><G128/><T0/><D0/><U82/><E121/><V73/><F113/><W30/><G3/><T11/><D34/><U129/><E134/><V46/><F2/><W63/><G78/><T97/><D79/><U130/><E116/><V26/><F105/><W28/><G4/><T114/><D114/><U123/><E123/><V55/><F103/><W124/><G124/><T119/><D119/><U135/><E135/><V1/><F1/><W16/><REACH who="3" step="1"/><G6/><REACH who="3" ten="230,268,114,378" step="2"/><T36/><D76/><U32/><E130/><V15/><F74/><W81/><G81/><T29/><D83/><U87/><E129/><V122/><F73/><W88/><G88/><T59/><D72/><U48/><E75/><V9/><F122/><W5/><G5/><T52/><D29/><U99/><E77/><V37/><F91/><W41/><G41/><T100/><D18/><U61/><E82/><V57/><F19/><W43/><G43/><T38/><D38/><U131/><BYE who="0" /><E89/><V117/><F17/><W112/><G112/><T101/><D101/><U24/><E131/><V126/><F126/><W133/><G133/><T84/><D84/><U22/><E87/><V102/><F102/><W8/><G8/><T90/><D90/><U127/><E127/><UN n0="%E3%82%AB%E3%83%AB%E3%83%AD%E3%83%BB%E3%83%91%E3%83%94%E3%82%B3" /><V107/><F9/><W70/><G70/><T118/><D11/><U12/><E71/><V31/><F31/><W92/><G92/><T110/><D94/><U21/><E68/><V42/><F95/><W80/><G80/><T98/><D93/><U50/><E104/><V66/><F107/><W86/><G86/><T10/><D85/><RYUUKYOKU ba="1,1" sc="230,-10,268,-10,114,-10,378,30" hai3="13,16,20,28,30,39,40,44,54,56,58,63,64" /><INIT seed="3,2,1,0,0,21" ten="220,258,104,408" oya="3" hai0="35,134,12,66,0,97,129,4,102,108,52,71,127" hai1="26,15,51,82,20,94,2,96,25,24,39,101,118" hai2="11,29,120,76,86,126,38,104,99,111,34,73,68" hai3="36,23,28,80,17,44,19,13,130,75,70,119,78"/><W69/><G119/><T55/><D108/><U22/><E39/><V121/><F86/><W16/><G130/><T92/><D129/><U10/><E2/><V30/><F111/><W7/><G7/><T32/><D134/><U5/><E118/><V103/><F126/><W43/><REACH who="3" step="1"/><G13/><REACH who="3" ten="220,258,104,398" step="2"/><T62/><D12/><U56/><E82/><V132/><F132/><W93/><G93/><T110/><D110/><U54/><AGARI ba="2,2" hai="5,10,15,20,22,24,25,26,51,54,56,94,96,101" machi="54" ten="30,8000,1" yaku="0,1,8,1,52,3" doraHai="21" who="1" fromWho="1" sc="220,-22,258,106,104,-22,398,-42" /><INIT seed="4,0,0,2,0,76" ten="198,364,82,356" oya="0" hai0="16,124,50,110,87,63,34,98,134,38,32,59,68" hai1="46,99,56,22,82,111,118,48,71,85,64,117,19" hai2="113,96,23,33,108,51,15,27,5,121,53,20,84" hai3="78,52,133,72,128,61,103,70,26,36,0,92,45"/><T65/><D134/><U95/><E111/><V44/><F108/><W74/><G0/><T116/><D116/><U105/><E105/><V30/><F121/><W62/><G70/><T4/><D124/><U109/><E109/><V91/><F113/><W67/><G67/><T28/><D110/><U77/><E56/><V123/><F123/><W21/><G128/><T88/><D4/><U13/><E64/><V127/><F127/><W69/><G69/><T132/><D132/><U6/><E6/><V94/><F5/><W73/><G36/><T86/><D38/><U18/><E18/><V37/><F37/><W119/><G119/><T115/><D115/><U83/><E83/><V14/><F33/><W35/><G35/><T58/><D16/><U100/><REACH who="1" step="1"/><E71/><REACH who="1" ten="198,354,82,356" step="2"/><V114/><F114/><W60/><G133/><T2/><D68/><U57/><E57/><V9/><F9/><W29/><G78/><T39/><D59/><U3/><E3/><V31/><F31/><W80/><G80/><T122/><D2/><U12/><E12/><V75/><F15/><W47/><G72/><T112/><D112/><U81/><E81/><V129/><F75/><W7/><G7/><T40/><D58/><U11/><E11/><V17/><F129/><W130/><G130/><T10/><D10/><U107/><E107/><V66/><REACH who="2" step="1"/><F66/><REACH who="2" ten="198,354,72,356" step="2"/><W126/><G126/><T55/><D65/><U131/><E131/><V41/><F41/><AGARI ba="0,2" hai="13,19,22,41,46,48,77,82,85,95,99,100,117,118" machi="41" ten="30,7700,0" yaku="1,1,7,1,52,1,53,1" doraHai="76" doraHaiUra="89" who="1" fromWho="2" sc="198,0,354,97,72,-77,356,0" owari="198,-20.0,451,55.0,-5,-51.0,356,16.0" /></mjloggm>