<mjloggm ver="2.3"><GO type="169" lobby="0"/><UN n0="%E8%A5%BF%E6%9C%A8%E9%87%8E%E7%9C%9F%E5%A7%AB%E2%99%AD" n1="%79%6F%75%61%6C%70%68%61" n2="%E5%9D%8A%E3%82%84%E3%81%A1%E3%81%A4" n3="%E3%81%97%E3%82%83%E3%82%8B%E3%81%BC%E3%82%93" dan="16,17,16,16" rate="2104.18,2223.86,2072.46,2149.23" sx="F,M,M,M"/><TAIKYOKU oya="0"/><INIT seed="0,0,0,3,2,83" ten="250,250,250,250" oya="0" hai0="69,9,125,18,3,52,16,36,5,19,40,28,2" hai1="67,25,126,48,90,117,113,97,114,132,64,115,53" hai2="76,73,41,55,134,24,111,68,65,88,102,58,8" hai3="94,109,124,121,93,95,22,91,103,75,31,100,57"/><T96/><D69/><U87/><E117/><V54/><F134/><W4/><G109/><T59/><D125/><U72/><E132/><V70/><F102/><W49/><G124/><T37/><D28/><U51/><E126/><V74/><F41/><W27/><G75/><T99/><D3/><U63/><E72/><V135/><F135/><W14/><G121/><T101/><D40/><U6/><E97/><V128/><F128/><W66/><G66/><T112/><D112/><U122/><E122/><V84/><F65/><W71/><G71/><T0/><D2/><U13/><E25/><V107/><F107/><W39/><G39/><T62/><REACH who="0" step="1"/><D99/><REACH who="0" ten="240,250,250,250" step="2"/><U77/><E114/><V10/><F70/><W20/><G31/><T80/><D80/><U127/><E113/><V11/><F68/><W50/><G103/><T61/><D61/><U108/><E115/><V92/><F111/><W133/><G100/><T119/><D119/><U129/><E127/><V21/><F76/><W30/><G133/><T79/><D79/><U86/><E108/><V46/><F46/><W29/><G91/><T60/><D60/><U15/><E90/><V47/><F47/><W82/><G82/><T105/><AGARI ba="0,1" hai="0,5,9,16,18,19,36,37,52,59,62,96,101,105" machi="105" ten="30,11700,0" yaku="1,1,0,1,54,2,53,0" doraHai="83" doraHaiUra="116" who="0" fromWho="0" sc="240,127,250,-39,250,-39,250,-39" /><INIT seed="0,1,0,3,2,49" ten="367,211,211,211" oya="0" hai0="34,54,0,32,19,45,61,37,64,50,98,48,47" hai1="104,86,125,22,75,90,13,109,124,53,130,2,70" hai2="72,3,7,24,135,23,52,83,89,123,69,85,127" hai3="121,46,18,84,58,40,132,81,1,103,119,107,112"/><T56/><D37/><U113/><E2/><V68/><F123/><W134/><G119/><T108/><D108/><U105/><E70/><V14/><F3/><W33/><G112/><T55/><D0/><U63/><E109/><V25/><F72/><W96/><G121/><T71/><D19/><N who="1" m="10607" /><E75/><V62/><F127/><N who="1" m="48713" /><E130/><V59/><F135/><N who="3" m="51755" /><G33/><T77/><D77/><U133/><E113/><V73/><F73/><W6/><G18/><T17/><D17/><U95/><E133/><V99/><F69/><W12/><G1/><T94/><D71/><U102/><E102/><AGARI ba="1,0" hai="32,34,45,47,48,50,54,55,56,61,64,94,98,102" machi="102" ten="30,11600,0" yaku="7,1,9,1,52,2" doraHai="49" who="0" fromWho="1" sc="367,119,211,-119,211,0,211,0" /><INIT seed="0,2,0,4,3,103" ten="486,92,211,211" oya="0" hai0="102,56,116,108,82,97,30,94,8,49,52,89,133" hai1="37,53,20,18,29,122,1,57,98,5,47,120,126" hai2="119,62,88,110,113,75,59,92,17,32,31,72,95" hai3="23,27,76,125,65,11,22,43,3,46,61,130,78"/><T39/><D116/><U68/><E126/><V115/><F110/><W63/><G125/><T13/><D108/><U71/><E29/><V74/><F119/><W118/><G118/><T70/><D133/><U86/><E68/><V58/><F95/><W60/><G130/><T19/><D70/><U66/><E5/><V106/><F106/><W77/><G3/><T134/><D134/><U124/><E1/><V21/><F31/><W67/><G11/><T105/><D39/><U114/><E114/><V16/><F32/><W33/><G33/><T107/><D30/><U50/><E86/><V79/><F79/><W96/><G96/><T131/><D131/><U85/><E124/><V87/><F58/><W12/><G12/><T90/><D90/><U6/><E6/><V91/><F91/><W111/><G111/><T42/><D42/><U100/><E85/><V35/><F17/><W109/><G109/><T127/><D127/><U4/><E4/><V135/><F35/><W55/><G55/><T15/><D15/><U80/><E80/><V51/><F51/><N who="3" m="27103" /><G27/><T26/><D26/><N who="1" m="14615" /><E71/><V54/><REACH who="2" step="1"/><F135/><REACH who="2" ten="486,92,201,211" step="2"/><W69/><G69/><T36/><D36/><U24/><E120/><V121/><F121/><W48/><G48/><T14/><D102/><U28/><E122/><V84/><F84/><W117/><G117/><T10/><D82/><U83/><E83/><V41/><F41/><W123/><G123/><T132/><D132/><U44/><E37/><V0/><F0/><W73/><G73/><T64/><D64/><AGARI ba="2,1" hai="22,23,60,61,63,64,65,67,76,77,78" m="27103" machi="64" ten="30,1000,0" yaku="8,1" doraHai="103" who="3" fromWho="0" sc="486,-16,92,0,201,0,211,26" /><INIT seed="1,0,0,5,2,111" ten="470,92,201,237" oya="1" hai0="101,93,23,44,60,7,40,89,65,20,115,124,117" hai1="82,134,24,26,58,32,73,74,18,132,37,80,45" hai2="0,5,125,63,90,71,104,41,88,27,54,64,9" hai3="3,122,129,113,110,12,2,77,91,4,67,121,130"/><U135/><E58/><V61/><F125/><W99/><G77/><T100/><D117/><U120/><E120/><V36/><F104/><W116/><G67/><T28/><D7/><U62/><E62/><V43/><F27/><N who="1" m="10281" /><E18/><V38/><F41/><W13/><G99/><T131/><D124/><U29/><E45/><V48/><F63/><W46/><G46/><T127/><D60/><U83/><E37/><V85/><F43/><W128/><G91/><T79/><D65/><U34/><E29/><V114/><F90/><W133/><G116/><T49/><D127/><U76/><E76/><V70/><F114/><W15/><G113/><T52/><D115/><U95/><E95/><V108/><F108/><W59/><G59/><T1/><D79/><U19/><E19/><V33/><F71/><W42/><G42/><T123/><D28/><U78/><E78/><V126/><F126/><W22/><G110/><T47/><D40/><U10/><E10/><V17/><F17/><W35/><G35/><AGARI ba="0,0" hai="32,34,35,73,74,80,82,83,132,134,135" m="10281" machi="35" ten="40,7700,0" yaku="28,2,20,1" doraHai="111" who="1" fromWho="3" sc="470,0,92,77,201,0,237,-77" /><INIT seed="1,1,0,1,4,5" ten="470,169,201,160" oya="1" hai0="21,79,89,71,0,6,121,1,133,129,59,57,44" hai1="107,28,106,124,132,112,39,73,41,61,38,105,23" hai2="82,4,131,15,92,109,22,72,17,37,103,52,36" hai3="43,12,7,3,83,27,86,10,118,81,125,63,35"/><U48/><E112/><V51/><F131/><W134/><G125/><T53/><D71/><U100/><E73/><V65/><F109/><W34/><G134/><T13/><D79/><U69/><E124/><V42/><F42/><W70/><G118/><T115/><D115/><U95/><E132/><V75/><F65/><W101/><G101/><T46/><D59/><U98/><E48/><V14/><F82/><W96/><G96/><T8/><D121/><U135/><E135/><V45/><F103/><W110/><G110/><T94/><D129/><U90/><E41/><V78/><F92/><W20/><G43/><T97/><D133/><U99/><E69/><V108/><F108/><W60/><G83/><T120/><D120/><U102/><E61/><V114/><F114/><W116/><G116/><T113/><D113/><U104/><REACH who="1" step="1"/><E102/><REACH who="1" ten="470,159,201,160" step="2"/><V25/><F72/><W91/><G63/><T87/><D46/><U77/><E77/><V55/><F78/><W56/><G70/><T29/><D44/><U123/><E123/><V127/><F75/><W62/><G60/><T50/><D50/><U111/><E111/><V67/><F127/><W93/><G62/><T80/><D57/><U30/><E30/><V33/><F51/><W19/><G56/><T88/><D53/><U40/><E40/><V68/><F55/><W32/><REACH who="3" step="1"/><G81/><REACH who="3" ten="470,159,201,150" step="2"/><T18/><D80/><U26/><AGARI ba="1,2" hai="23,26,28,38,39,90,95,98,99,100,104,105,106,107" machi="26" ten="40,3900,0" yaku="1,1,0,1,53,0" doraHai="5" doraHaiUra="76" who="1" fromWho="1" sc="470,-14,159,62,201,-14,150,-14" /><INIT seed="1,2,0,4,1,113" ten="456,221,187,136" oya="1" hai0="128,38,130,76,12,77,3,124,35,81,49,105,123" hai1="106,93,126,24,127,56,59,96,0,17,99,92,30" hai2="57,91,1,133,69,52,65,72,74,135,71,125,6" hai3="21,5,46,94,107,14,50,31,89,47,108,64,53"/><U9/><E106/><V32/><F32/><W55/><G107/><T40/><D3/><U41/><E41/><V42/><F42/><W11/><G108/><T60/><D35/><U109/><E109/><V95/><F125/><N who="1" m="47625" /><E0/><V120/><F120/><W78/><G78/><T39/><D105/><U63/><E9/><V61/><F6/><W2/><G64/><T117/><D123/><U101/><E17/><V110/><F110/><W121/><G121/><T26/><D40/><U129/><E63/><V66/><F66/><W44/><G55/><T20/><D60/><U43/><E43/><V29/><F29/><W114/><G114/><T8/><D39/><U70/><E129/><V102/><F102/><W83/><G83/><T58/><D38/><U51/><E51/><V19/><F1/><W73/><G73/><T80/><D49/><U34/><E70/><V22/><F71/><W48/><G48/><T37/><D37/><U88/><AGARI ba="2,0" hai="24,30,34,56,59,88,92,93,96,99,101" m="47625" machi="88" ten="30,3000,0" yaku="18,1,54,1" doraHai="113" who="1" fromWho="1" sc="456,-12,221,36,187,-12,136,-12" /><INIT seed="1,3,0,2,3,129" ten="444,257,175,124" oya="1" hai0="68,114,125,58,61,75,54,56,62,34,82,84,8" hai1="124,11,101,31,33,29,79,117,6,76,89,73,19" hai2="27,71,83,48,21,128,74,26,102,92,90,98,132" hai3="35,64,118,30,95,41,15,17,78,1,108,86,59"/><U77/><E117/><V105/><F128/><W10/><G118/><T115/><D34/><U134/><E73/><V96/><F71/><W16/><G108/><T66/><D75/><U127/><E101/><V126/><F126/><N who="1" m="48169" /><E19/><V106/><F106/><W13/><G1/><T50/><D125/><U0/><E33/><V18/><F48/><W93/><G41/><T72/><D72/><U4/><E4/><V3/><F3/><W131/><G131/><T87/><D8/><U47/><E47/><V14/><F132/><W53/><G64/><T44/><D68/><U52/><E89/><V121/><F121/><W123/><G123/><T99/><D99/><U116/><E116/><V38/><F38/><W100/><G100/><T40/><D87/><U85/><E85/><V51/><F51/><N who="3" m="31167" /><G30/><N who="1" m="11274" /><E52/><V42/><F42/><W49/><G35/><T80/><D80/><U67/><E67/><V46/><F46/><W45/><G86/><T91/><AGARI ba="3,0" hai="40,44,50,54,56,58,61,62,66,82,84,91,114,115" machi="91" ten="20,1500,0" yaku="0,1,7,1" doraHai="129" who="0" fromWho="0" sc="444,24,257,-10,175,-7,124,-7" /><INIT seed="2,0,0,3,5,125" ten="468,247,168,117" oya="2" hai0="55,74,24,116,46,62,110,35,126,10,65,106,78" hai1="63,29,47,100,114,92,102,39,132,53,31,90,128" hai2="58,48,1,13,32,59,37,99,71,56,117,84,8" hai3="81,70,69,50,28,45,36,7,15,104,64,124,131"/><V79/><F32/><W11/><G124/><T73/><D106/><U98/><E114/><V121/><F121/><W60/><G104/><T23/><D110/><U57/><E132/><V2/><F71/><W17/><G36/><T22/><D126/><U40/><E128/><V101/><F37/><W68/><G28/><T103/><D103/><U109/><E109/><V80/><F48/><W135/><G135/><T87/><D35/><U0/><E0/><V108/><F117/><W134/><G134/><T76/><D10/><U89/><E100/><V27/><F27/><W107/><G107/><T20/><D24/><U97/><E90/><V113/><F113/><W54/><G131/><T26/><D26/><U38/><E38/><V120/><F120/><W41/><G41/><T18/><D18/><U119/><E119/><V122/><F122/><W44/><G44/><T16/><D16/><U43/><E43/><V88/><F79/><W66/><G66/><T85/><D55/><U118/><E118/><V96/><F108/><W95/><G95/><AGARI ba="0,0" hai="29,31,39,40,47,53,57,63,89,92,95,97,98,102" machi="95" ten="30,1000,0" yaku="7,1" doraHai="125" who="1" fromWho="3" sc="468,0,247,10,168,0,117,-10" /><INIT seed="3,0,0,1,4,55" ten="468,257,168,107" oya="3" hai0="79,39,130,51,23,99,114,66,103,70,72,78,24" hai1="58,41,68,134,62,47,111,109,86,48,64,94,121" hai2="9,132,49,57,19,95,44,56,13,119,81,1,14" hai3="34,52,90,87,84,45,80,12,43,36,123,27,93"/><W42/><G123/><T18/><D39/><U3/><E3/><V125/><F119/><W5/><G42/><T8/><D130/><U17/><E121/><V98/><F125/><W25/><G34/><T115/><D51/><U108/><E17/><N who="2" m="8367" /><F81/><W106/><G106/><T127/><D8/><U40/><E134/><V28/><F28/><W92/><G92/><T133/><D72/><U20/><E20/><N who="2" m="11383" /><F1/><W4/><G4/><T6/><D6/><U35/><E35/><V89/><F132/><W46/><G5/><T30/><D30/><U65/><E94/><V102/><F102/><W16/><G46/><T67/><D127/><U83/><E40/><AGARI ba="0,0" hai="40,44,49,56,57,89,95,98" m="11383,8367" machi="40" ten="30,3900,0" yaku="8,1,52,2" doraHai="55" who="2" fromWho="1" sc="468,0,257,-39,168,39,107,0" /><INIT seed="4,0,0,3,5,22" ten="468,218,207,107" oya="0" hai0="59,33,132,25,108,115,111,10,124,133,17,80,36" hai1="7,24,32,82,23,28,60,26,110,119,88,113,83" hai2="2,118,29,18,70,31,34,104,52,15,45,73,117" hai3="55,97,74,95,49,48,3,65,85,126,6,19,114"/><T120/><D59/><U105/><E110/><N who="0" m="42025" /><D80/><U116/><E105/><V78/><F70/><W75/><G65/><T67/><D36/><U47/><E113/><V51/><F2/><W84/><G114/><T0/><D67/><U129/><E129/><V79/><F104/><W44/><G126/><T100/><D100/><U16/><E7/><V101/><F101/><W9/><G74/><T131/><D115/><U42/><E60/><V4/><F4/><W11/><G75/><T21/><D120/><U135/><E135/><N who="0" m="51785" /><D33/><U106/><E106/><V56/><F56/><W89/><G49/><T66/><D66/><U77/><E88/><V20/><F34/><W30/><G30/><T96/><D96/><U125/><E82/><V14/><F73/><W112/><G112/><T121/><D121/><U92/><E92/><V13/><F79/><W98/><G98/><T91/><D91/><U99/><E99/><V72/><F78/><W38/><G38/><T39/><D39/><U81/><E83/><V8/><F72/><W37/><G37/><T94/><D94/><U5/><E81/><V93/><F93/><W123/><G123/><T63/><D63/><U12/><E77/><V76/><F76/><W130/><G130/><T50/><D50/><U128/><E128/><V86/><F86/><W53/><G55/><T68/><D68/><U69/><E69/><V27/><REACH who="2" step="1"/><F8/><REACH who="2" ten="468,218,197,107" step="2"/><W1/><G1/><T61/><D131/><U127/><E32/><V57/><F57/><W71/><G71/><T103/><D0/><U43/><E125/><V54/><F54/><W40/><G53/><RYUUKYOKU ba="0,1" sc="468,-15,218,-15,197,15,107,15" hai2="13,14,15,18,20,27,29,31,45,51,52,117,118" hai3="3,6,9,11,19,40,44,48,84,85,89,95,97" /><INIT seed="5,1,1,2,2,33" ten="453,203,212,122" oya="1" hai0="93,54,47,58,121,15,95,35,38,57,62,61,31" hai1="129,132,82,118,107,134,26,37,25,70,48,84,111" hai2="51,103,41,106,77,6,115,45,80,68,123,24,73" hai3="3,127,86,32,21,64,7,90,8,124,40,63,0"/><U12/><E118/><V79/><F123/><W16/><G32/><T100/><D121/><U14/><E37/><V94/><F68/><W5/><G40/><T122/><D122/><U11/><E107/><V56/><F77/><W39/><G39/><T17/><D31/><U87/><E70/><V53/><F115/><W109/><G109/><T66/><D35/><U19/><E129/><V60/><F6/><W55/><G55/><T27/><D27/><U131/><E131/><V67/><F24/><W10/><G63/><T9/><D100/><U133/><E111/><V97/><F106/><W4/><G64/><N who="0" m="38959" /><D38/><U65/><E65/><V96/><F96/><W43/><G43/><T49/><AGARI ba="1,1" hai="9,15,17,47,49,54,58,62,66,93,95" m="38959" machi="49" ten="30,1100,0" yaku="8,1" doraHai="33" who="0" fromWho="0" sc="453,24,203,-6,212,-4,122,-4" /><INIT seed="6,0,0,2,5,91" ten="477,197,208,118" oya="2" hai0="58,32,89,14,21,43,30,85,41,27,3,104,114" hai1="56,78,67,125,54,57,39,23,77,13,22,37,15" hai2="93,101,73,42,52,71,75,95,98,70,8,50,112" hai3="36,0,28,135,66,49,62,48,134,96,74,116,90"/><V133/><F112/><W129/><G0/><T59/><D104/><U38/><E125/><V2/><F133/><N who="3" m="50699" /><G74/><T63/><D3/><U65/><E38/><V11/><F42/><W92/><G116/><T84/><D84/><U127/><E127/><V45/><F2/><W35/><G36/><T124/><D114/><U46/><E54/><V7/><F75/><W86/><G35/><T88/><D89/><U108/><REACH who="1" step="1"/><E46/><REACH who="1" ten="477,187,208,118" step="2"/><V5/><F73/><W122/><G122/><T132/><D124/><U117/><E117/><V100/><F52/><W4/><G129/><T33/><D132/><U115/><E115/><V119/><F119/><W118/><G118/><T121/><D121/><U17/><E17/><V9/><F45/><W47/><G47/><T99/><D43/><U25/><E25/><V113/><F113/><W105/><G28/><T81/><D41/><U61/><E61/><V6/><F50/><W120/><G120/><T128/><D128/><U31/><E31/><V97/><AGARI ba="0,1" hai="5,6,7,8,9,11,70,71,93,95,97,98,100,101" machi="97" ten="40,12000,1" yaku="0,1,9,1,52,2" doraHai="91" who="2" fromWho="2" sc="477,-40,187,-40,208,130,118,-40" /><INIT seed="6,1,0,0,0,124" ten="437,147,338,78" oya="2" hai0="10,4,55,80,31,131,35,14,25,95,108,133,127" hai1="36,92,130,44,89,88,49,107,90,98,76,74,24" hai2="71,109,22,96,12,73,105,86,69,45,100,70,58" hai3="102,94,125,51,37,65,128,42,43,117,18,67,19"/><V41/><F73/><W21/><G117/><T52/><D131/><U9/><E36/><V68/><F68/><W112/><G37/><T75/><D108/><U47/><E130/><V32/><F32/><W126/><G112/><T134/><D127/><U122/><E107/><V62/><F86/><W50/><G21/><T28/><D28/><U81/><E122/><V106/><F106/><W46/><G46/><T79/><D95/><U104/><E104/><V113/><F113/><W101/><G94/><T13/><D13/><U15/><E24/><V1/><F1/><W111/><G111/><T53/><AGARI ba="1,0" hai="4,10,14,25,31,35,52,53,55,75,79,80,133,134" machi="53" ten="30,2000,0" yaku="0,1,54,1" doraHai="124" who="0" fromWho="0" sc="437,23,147,-6,338,-11,78,-6" /><INIT seed="7,0,0,0,2,46" ten="460,141,327,72" oya="3" hai0="62,37,125,6,111,104,129,92,109,54,30,20,121" hai1="65,49,110,27,35,79,75,78,101,55,5,95,87" hai2="84,70,64,45,98,4,122,97,11,52,82,31,115" hai3="23,29,89,134,77,124,96,94,13,56,93,113,3"/><W57/><G3/><T50/><D54/><U41/><E110/><V25/><F64/><W33/><G113/><T100/><D20/><U47/><E75/><V0/><F70/><W116/><G116/><T7/><D30/><U63/><E5/><V14/><F0/><W58/><G134/><T60/><D62/><U102/><E35/><V19/><F115/><W72/><G124/><T119/><D60/><U130/><E27/><V26/><F122/><W15/><G33/><T132/><D92/><U133/><E130/><V90/><F4/><W108/><G108/><T123/><D100/><N who="1" m="38507" /><E65/><V34/><F26/><N who="3" m="16607" /><G72/><T120/><D6/><U76/><E133/><V105/><F105/><W12/><G77/><T22/><D22/><U10/><E10/><V18/><F18/><W32/><G32/><T117/><D7/><U71/><E71/><V81/><F81/><W114/><G114/><T17/><D17/><U9/><E9/><V99/><F99/><W86/><G96/><T28/><D119/><U59/><E95/><AGARI ba="0,0" hai="12,13,15,56,57,58,86,89,93,94,95" m="16607" machi="95" ten="30,1500,0" yaku="8,1" doraHai="46" who="3" fromWho="1" sc="460,0,141,-15,327,0,72,15" /><INIT seed="7,1,0,3,2,122" ten="460,126,327,87" oya="3" hai0="128,32,53,35,23,111,9,77,110,115,19,45,124" hai1="82,67,28,58,73,38,90,93,64,87,107,10,63" hai2="79,1,55,68,78,52,22,46,31,51,131,102,74" hai3="118,127,56,7,130,37,75,126,96,89,21,65,121"/><W125/><G37/><T99/><D77/><U20/><E38/><V135/><F135/><W71/><G121/><T11/><D53/><U134/><E134/><V105/><F131/><W81/><G130/><T106/><D99/><U5/><E107/><V34/><F34/><W70/><G118/><T84/><D84/><U3/><E73/><V40/><F1/><W13/><G75/><T8/><D45/><U25/><E82/><V24/><F68/><N who="3" m="26155" /><G65/><AGARI ba="1,0" hai="3,5,10,20,25,28,58,63,64,65,67,87,90,93" machi="65" ten="30,1000,0" yaku="7,1" doraHai="122" who="1" fromWho="3" sc="460,0,126,13,327,0,87,-13" owari="460,56.0,139,-26.0,327,13.0,74,-43.0" /></mjloggm>