<mjloggm ver="2.3"><GO type="169" lobby="0"/><UN n0="%45%6D%69%75" n1="%E3%83%9E%E3%83%BC%E3%83%9C%E3%82%A6" n2="%E9%AB%98%E6%A9%8B%E6%B7%B3" n3="%6B%61%31%30%73" dan="18,16,17,17" rate="2204.60,2108.73,2153.73,2168.17" sx="M,M,M,M"/><TAIKYOKU oya="0"/><INIT seed="0,0,0,1,3,31" ten="250,250,250,250" oya="0" hai0="42,41,108,83,32,74,26,92,97,106,80,111,24" hai1="7,30,5,117,93,47,6,63,127,14,116,58,61" hai2="28,114,129,16,69,107,126,48,35,13,100,55,85" hai3="102,104,34,0,29,103,82,91,130,115,12,1,40"/><T105/><D74/><U52/><E127/><V60/><F114/><W27/><G115/><T133/><D133/><U84/><E47/><V79/><F129/><W3/><G130/><T87/><D87/><U25/><E14/><V125/><F100/><W70/><G40/><T95/><REACH who="0" step="1"/><D97/><REACH who="0" ten="240,250,250,250" step="2"/><U53/><E116/><V89/><F85/><W56/><G104/><T45/><D45/><U132/><E132/><V64/><F107/><W38/><G38/><T120/><D120/><U19/><E117/><V54/><F125/><W2/><G82/><T94/><D94/><U134/><E134/><V88/><F126/><W123/><G123/><T9/><D9/><U112/><E112/><V18/><F79/><W22/><G70/><T59/><D59/><N who="1" m="35047" /><E93/><V73/><F73/><W46/><G56/><T99/><D99/><U135/><E84/><V96/><F96/><W36/><G46/><T21/><D21/><N who="1" m="15663" /><E135/><V43/><F69/><W44/><G44/><T81/><D81/><U62/><E62/><V57/><F60/><W66/><G36/><T50/><D50/><U75/><E75/><V49/><F49/><W72/><G72/><T51/><D51/><U39/><E39/><V90/><F48/><W119/><G119/><T20/><D20/><U122/><E122/><V98/><F98/><W8/><G22/><T15/><D15/><U118/><E118/><V77/><F13/><W23/><G0/><T10/><D10/><U37/><E37/><V121/><F121/><W101/><G1/><T67/><D67/><U76/><E76/><V4/><F64/><W11/><G66/><RYUUKYOKU ba="0,1" sc="240,15,250,15,250,-15,250,-15" hai0="24,26,32,41,42,80,83,92,95,105,106,108,111" hai1="5,6,7,19,53,58,63" /><INIT seed="0,1,1,0,3,17" ten="255,265,235,235" oya="0" hai0="99,130,7,103,95,51,11,119,20,105,58,135,84" hai1="92,45,1,118,89,120,33,83,132,19,34,114,32" hai2="80,93,63,61,39,108,12,15,69,5,49,121,124" hai3="122,109,97,74,59,131,123,35,96,134,13,90,85"/><T43/><D119/><U78/><E118/><V25/><F39/><W115/><G35/><T36/><D130/><U65/><E120/><N who="3" m="46122" /><G115/><T9/><D135/><U107/><E107/><V100/><F121/><W72/><G59/><T0/><D36/><U64/><E1/><V14/><F69/><W127/><G13/><T31/><D11/><U29/><E132/><V26/><F5/><W91/><G134/><T8/><D8/><U6/><E6/><V133/><F108/><W24/><G24/><N who="2" m="9321" /><F124/><W38/><G38/><T101/><D31/><U73/><E19/><V28/><F28/><W75/><G131/><T68/><D68/><U56/><E45/><V94/><F80/><N who="3" m="49447" /><G109/><T71/><D71/><U50/><E114/><V46/><F133/><W129/><G129/><T102/><D58/><U54/><REACH who="1" step="1"/><E29/><REACH who="1" ten="255,255,235,235" step="2"/><V23/><F46/><W48/><G127/><T62/><D105/><U18/><E18/><V16/><F16/><W77/><G77/><T67/><D0/><U41/><E41/><V37/><F12/><W98/><G48/><T116/><D51/><U125/><E125/><V47/><F14/><W10/><G10/><T66/><D43/><U86/><AGARI ba="1,2" hai="32,33,34,50,54,56,64,65,73,78,83,86,89,92" machi="86" ten="30,4000,0" yaku="1,1,0,1,53,1" doraHai="17" doraHaiUra="82" who="1" fromWho="1" sc="255,-21,255,63,235,-11,235,-11" /><INIT seed="1,0,0,2,3,35" ten="234,318,224,224" oya="1" hai0="40,106,9,47,115,116,82,10,77,123,49,70,23" hai1="39,66,42,13,117,3,71,31,121,75,45,58,91" hai2="93,119,25,30,92,126,15,52,76,109,1,98,122" hai3="103,14,89,26,48,55,16,61,94,34,100,57,36"/><U134/><E121/><V22/><F119/><W99/><G36/><T18/><D115/><U46/><E117/><V95/><F122/><W32/><G32/><T11/><D116/><U118/><E118/><V43/><F109/><W78/><G78/><T54/><D123/><U0/><E13/><V96/><F43/><W53/><G34/><T127/><D127/><U59/><E59/><V132/><F132/><W86/><G26/><T120/><D120/><U65/><E91/><V113/><F126/><W60/><G53/><T33/><D33/><U74/><E58/><V83/><F1/><N who="1" m="585" /><E31/><V5/><F113/><W67/><G67/><T41/><D106/><U97/><E97/><V81/><F52/><W79/><G79/><T38/><D70/><U110/><E65/><V128/><F15/><W112/><G112/><T130/><D38/><U101/><E101/><V84/><F5/><W133/><G133/><T64/><D64/><U129/><E134/><V51/><F96/><W37/><G37/><T80/><D77/><U17/><E17/><V125/><F98/><W4/><G4/><T24/><D41/><U72/><E46/><V50/><F125/><W135/><G135/><T131/><REACH who="0" step="1"/><D40/><REACH who="0" ten="224,318,224,224" step="2"/><U29/><E110/><V2/><F76/><W85/><G103/><T73/><D73/><U21/><E75/><V90/><F90/><W8/><REACH who="3" step="1"/><G86/><REACH who="3" ten="224,318,224,214" step="2"/><T88/><D88/><U62/><E74/><V104/><F84/><W124/><G124/><T107/><D107/><AGARI ba="0,2" hai="8,14,16,48,55,57,60,61,85,89,94,99,100,107" machi="107" ten="30,3900,0" yaku="1,1,7,1,54,1,53,0" doraHai="35" doraHaiUra="20" who="3" fromWho="0" sc="224,-39,318,0,224,0,214,59" /><INIT seed="2,0,0,0,4,67" ten="185,318,224,273" oya="2" hai0="126,121,41,28,20,4,10,53,103,113,11,62,47" hai1="31,120,129,84,7,110,85,23,1,135,79,100,108" hai2="61,80,21,95,102,66,9,36,32,68,72,93,127" hai3="6,19,119,122,73,118,58,86,128,134,104,117,3"/><V25/><F127/><W42/><G73/><T115/><D121/><U96/><E129/><V133/><F133/><W46/><G104/><T56/><D126/><U124/><E124/><V39/><F32/><W40/><G122/><T12/><D103/><U33/><E120/><V88/><F9/><W116/><G128/><T44/><D44/><U71/><E33/><V94/><F102/><W51/><G134/><T70/><D11/><N who="1" m="2543" /><E79/><V77/><REACH who="2" step="1"/><F88/><REACH who="2" ten="185,318,214,273" step="2"/><W57/><G118/><T76/><D76/><U87/><E135/><V38/><F38/><W81/><G119/><T43/><D113/><U98/><E100/><V49/><F49/><W132/><G117/><T91/><D115/><U34/><E34/><V83/><F83/><W59/><G116/><T123/><D91/><U92/><E108/><V30/><AGARI ba="0,1" hai="21,25,30,36,39,61,66,68,72,77,80,93,94,95" machi="30" ten="30,11700,0" yaku="1,1,0,1,52,1,53,1" doraHai="67" doraHaiUra="75" who="2" fromWho="2" sc="185,-39,318,-39,214,127,273,-39" /><INIT seed="2,1,0,3,0,90" ten="146,279,341,234" oya="2" hai0="85,87,114,78,113,120,23,86,11,127,115,29,105" hai1="45,54,48,93,61,103,134,57,41,77,117,128,75" hai2="100,131,39,81,7,25,101,35,83,69,122,51,67" hai3="12,133,68,13,19,106,84,125,72,37,89,32,62"/><V22/><F39/><W26/><G72/><T98/><D120/><U8/><E117/><V33/><F122/><W0/><G37/><T95/><D11/><U5/><E128/><V2/><F2/><W14/><G106/><T76/><D23/><U53/><E134/><V116/><F7/><W56/><G68/><T47/><D47/><U18/><E18/><V46/><F131/><W111/><G111/><T30/><D105/><U4/><E77/><N who="0" m="29801" /><D29/><U17/><E75/><V9/><F9/><W135/><G125/><T119/><D30/><U34/><E34/><V102/><F67/><W63/><G0/><T27/><D27/><U58/><E17/><V99/><F69/><W40/><G40/><T1/><D1/><U107/><E8/><V3/><F3/><W96/><G32/><T10/><D10/><U129/><E107/><V20/><F20/><W55/><G26/><T132/><D132/><N who="3" m="50761" /><G63/><T73/><D73/><U60/><E129/><V70/><F70/><W112/><G112/><T15/><D15/><U44/><E44/><V49/><F46/><W71/><G71/><T118/><D127/><U6/><E4/><V104/><F35/><W42/><G42/><T50/><D50/><N who="2" m="18954" /><F33/><W121/><G121/><T21/><D21/><U109/><E109/><V74/><F74/><W88/><G19/><T94/><D98/><AGARI ba="1,0" hai="5,6,41,45,48,53,54,57,58,60,61,93,98,103" machi="98" ten="40,5200,0" yaku="9,1,8,1,52,1" doraHai="90" who="1" fromWho="0" sc="146,-55,279,55,341,0,234,0" /><INIT seed="3,0,0,4,5,58" ten="91,334,341,234" oya="3" hai0="16,99,2,103,133,104,38,42,75,0,14,98,82" hai1="123,41,96,33,51,60,5,122,25,56,36,116,92" hai2="68,7,67,132,73,80,84,4,78,70,93,15,109" hai3="105,39,65,113,102,124,128,47,107,77,43,117,31"/><W126/><G117/><T66/><D133/><U81/><E36/><V55/><F109/><W69/><G113/><T85/><D75/><U79/><E116/><V115/><F115/><W118/><G118/><T19/><D38/><U29/><E5/><V48/><F132/><W62/><G128/><T94/><D42/><U35/><E35/><V34/><F34/><W26/><G77/><T90/><D66/><U3/><E3/><V50/><F50/><W37/><G37/><T72/><D19/><U53/><E41/><V86/><F68/><W108/><G108/><T71/><D71/><U120/><E51/><V131/><F131/><W110/><G110/><T45/><D45/><U91/><REACH who="1" step="1"/><E122/><REACH who="1" ten="91,324,341,234" step="2"/><V129/><F4/><W125/><G102/><T24/><D24/><U40/><E40/><V100/><F7/><W106/><G107/><T9/><REACH who="0" step="1"/><D72/><AGARI ba="0,1" hai="25,29,33,53,56,60,72,79,81,91,92,96,120,123" machi="72" ten="30,3900,0" yaku="1,1,7,1,52,1,53,0" doraHai="58" doraHaiUra="135" who="1" fromWho="0" sc="91,-39,324,49,341,0,234,0" /><INIT seed="4,0,0,5,5,54" ten="52,373,341,234" oya="0" hai0="25,87,91,128,62,85,110,99,52,121,106,21,29" hai1="6,55,20,107,96,133,22,114,103,46,23,12,92" hai2="69,2,116,42,71,90,111,84,15,60,67,97,109" hai3="117,126,95,122,13,40,3,124,0,53,135,78,80"/><T118/><D121/><U72/><E72/><V34/><F2/><W10/><G117/><T1/><D118/><U58/><E133/><V101/><F116/><W19/><G135/><T82/><D128/><U98/><E114/><V132/><F132/><W37/><G122/><T24/><D1/><U4/><E46/><V94/><F69/><W100/><G40/><T9/><D110/><U120/><E12/><V7/><F42/><W83/><G37/><T33/><D9/><U66/><E66/><V65/><F65/><W123/><G83/><T104/><D85/><U131/><E131/><V50/><F50/><W39/><G39/><T47/><D99/><U108/><E108/><V93/><F34/><W74/><G53/><T130/><D130/><U134/><E120/><V43/><F43/><W18/><G18/><T41/><D41/><U63/><REACH who="1" step="1"/><E134/><REACH who="1" ten="52,363,341,234" step="2"/><V27/><F27/><W32/><G123/><T11/><D11/><U64/><E64/><V8/><AGARI ba="0,1" hai="7,8,15,60,67,71,84,90,93,94,97,101,109,111" machi="8" ten="30,1100,0" yaku="0,1" doraHai="54" who="2" fromWho="2" sc="52,-5,363,-3,341,21,234,-3" /><INIT seed="5,0,0,5,4,79" ten="47,360,362,231" oya="1" hai0="63,86,55,78,60,75,58,73,85,90,108,11,68" hai1="127,124,20,94,29,126,5,76,88,46,14,39,115" hai2="70,119,74,102,105,12,83,107,89,93,103,95,7" hai3="49,81,36,69,100,111,23,18,64,33,106,32,38"/><U45/><E115/><V34/><F34/><W72/><G111/><T101/><D108/><U134/><E134/><V43/><F7/><W109/><G49/><T31/><D101/><N who="2" m="38410" /><F12/><W121/><G18/><T123/><D123/><U92/><E39/><N who="3" m="14890" /><G23/><T131/><D131/><U53/><E76/><N who="2" m="44439" /><F43/><W27/><G109/><T19/><D31/><U125/><E125/><V67/><F67/><W48/><G48/><T117/><D117/><U116/><E116/><V37/><F70/><W80/><G72/><T122/><D122/><U25/><E53/><V112/><F37/><W99/><G32/><T22/><D11/><N who="1" m="4463" /><E92/><N who="2" m="35403" /><F119/><W120/><G120/><T26/><D68/><U132/><E132/><V82/><F112/><W17/><G17/><T51/><D51/><U42/><E42/><V57/><F57/><W24/><G24/><T96/><D63/><U6/><E6/><V35/><F35/><W30/><G121/><T54/><D54/><U84/><AGARI ba="0,0" hai="20,25,29,45,46,84,88,94,124,126,127" m="4463" machi="84" ten="30,3000,0" yaku="18,1,54,1" doraHai="79" who="1" fromWho="1" sc="47,-10,360,30,362,-10,231,-10" /><INIT seed="5,1,0,4,1,112" ten="37,390,352,221" oya="1" hai0="99,84,113,86,27,104,109,60,116,78,55,28,52" hai1="133,6,2,131,4,132,15,54,5,43,9,38,126" hai2="70,31,128,76,8,51,119,19,98,64,96,89,57" hai3="125,117,7,47,91,81,12,0,124,72,35,67,107"/><U10/><E43/><V100/><F76/><W120/><G107/><T121/><D109/><U103/><E103/><V24/><F128/><W44/><G35/><T62/><D113/><U41/><E41/><V123/><F123/><W97/><G120/><T21/><D121/><U94/><E94/><V115/><F119/><W25/><G67/><T69/><D116/><U75/><E54/><V37/><F37/><W108/><G108/><T85/><D78/><U11/><E75/><V29/><F70/><W77/><G0/><T79/><D79/><U80/><E80/><V14/><F115/><W68/><G68/><T23/><D69/><U102/><E102/><V88/><F96/><W45/><G25/><T71/><D71/><U40/><E40/><V32/><F29/><W3/><G3/><T50/><D23/><U26/><E38/><V65/><F65/><W74/><G117/><T130/><D130/><U59/><E59/><V48/><F48/><W17/><G7/><N who="1" m="2634" /><E126/><N who="3" m="48746" /><G74/><T42/><D104/><U63/><E63/><V18/><F18/><W61/><G61/><T95/><D42/><U129/><E26/><V56/><F56/><W82/><G77/><T1/><D1/><U46/><E46/><V73/><F73/><W127/><N who="3" m="48754" /><W13/><DORA hai="39" /><G72/><T135/><D135/><N who="1" m="51787" /><E9/><V16/><F64/><W30/><G45/><N who="0" m="27727" /><D55/><U53/><E53/><N who="2" m="31935" /><F100/><W49/><G44/><T101/><D60/><U22/><E10/><N who="2" m="6231" /><F98/><W83/><G97/><T87/><D87/><U92/><E129/><V58/><F58/><W34/><G47/><T90/><D62/><U122/><E131/><RYUUKYOKU ba="1,0" sc="37,15,390,-15,352,15,221,-15" hai0="21,27,28,84,85,86,90,95,99,101" hai2="8,19,24,31,32,88,89" /><INIT seed="6,2,0,0,1,80" ten="52,375,367,206" oya="2" hai0="74,106,40,2,26,44,14,83,123,18,22,109,64" hai1="33,132,100,49,101,68,89,118,78,103,92,9,57" hai2="108,31,27,4,39,5,19,91,72,125,65,124,97" hai3="43,79,95,116,115,133,48,38,23,36,15,60,0"/><V131/><F72/><W3/><G116/><T117/><D109/><U112/><E118/><V134/><F39/><W29/><G133/><T99/><D123/><U75/><E68/><V119/><F119/><W20/><G79/><T120/><D120/><U126/><E33/><N who="2" m="20735" /><F65/><W50/><G115/><T41/><D117/><U121/><E121/><V87/><F97/><W107/><G107/><T25/><D2/><U88/><E9/><V45/><F45/><W35/><G60/><T84/><D74/><U113/><E57/><V82/><F134/><W17/><G95/><T46/><D64/><U69/><E49/><V58/><F58/><W94/><G94/><T70/><D70/><U90/><E69/><V42/><F42/><W1/><G43/><T16/><D106/><U8/><E8/><V114/><F131/><W53/><G50/><T73/><D73/><U67/><E67/><V104/><F104/><W37/><G35/><T30/><D99/><N who="1" m="57743" /><E132/><V55/><F55/><W7/><G37/><T127/><D127/><N who="2" m="48714" /><F114/><N who="1" m="44137" /><E126/><V56/><F56/><W86/><G38/><T10/><D41/><U62/><E62/><V12/><F108/><W98/><G36/><T54/><D54/><U77/><E75/><V129/><F129/><W32/><G48/><T24/><D40/><U85/><E90/><V63/><F63/><W111/><G111/><T96/><D96/><U93/><AGARI ba="2,0" hai="77,78,85,88,93,100,101,103" m="44137,57743" machi="93" ten="30,8000,1" yaku="15,1,34,2,52,1,54,1" doraHai="80" who="1" fromWho="1" sc="52,-22,375,86,367,-42,206,-22" /><INIT seed="7,0,0,2,4,126" ten="30,461,325,184" oya="3" hai0="20,83,28,104,6,0,91,81,57,75,11,55,12" hai1="62,94,128,88,14,34,7,40,39,93,106,63,33" hai2="52,123,16,85,24,60,35,127,17,69,43,49,118" hai3="133,132,131,68,109,120,86,3,41,45,98,90,19"/><W97/><G131/><T67/><D104/><U84/><E128/><V51/><F118/><W113/><G113/><T116/><D116/><U102/><E106/><V44/><F127/><W2/><G68/><T38/><D67/><U4/><E39/><V76/><F123/><W70/><G70/><T64/><D64/><U73/><E73/><V32/><F69/><W58/><G58/><T31/><D38/><U134/><E134/><V37/><F60/><W129/><G129/><T1/><D75/><U53/><E40/><V30/><F35/><W54/><G54/><T115/><D115/><U135/><E34/><V110/><F37/><W130/><G130/><T101/><D101/><U82/><E33/><V119/><F110/><W59/><G59/><T78/><D78/><U117/><E135/><V66/><F66/><W121/><G19/><T108/><D108/><U77/><E77/><V48/><F48/><W103/><G103/><T36/><D36/><U114/><E114/><V107/><F107/><W27/><G109/><T22/><D91/><U99/><E102/><V95/><F119/><W124/><G90/><T9/><D57/><U26/><E88/><V42/><F42/><W15/><G41/><T72/><D72/><U21/><E99/><V87/><F95/><W61/><G124/><T25/><D55/><U96/><E53/><V112/><F112/><W8/><G133/><T29/><D81/><U80/><E80/><V122/><F76/><W100/><G121/><T47/><D83/><U65/><E117/><V89/><F122/><W13/><G132/><T125/><D125/><RYUUKYOKU ba="0,0" sc="30,0,461,0,325,0,184,0" owari="30,-47.0,461,56.0,325,13.0,184,-22.0" /></mjloggm>