<mjloggm ver="2.3"><GO type="169" lobby="0"/><UN n0="%E3%81%A8%E3%82%8A%E3%81%82%E3%81%88%E3%81%9A%E3%83%93%E3%83%BC%E3%83%AB" n1="%E3%83%95%E3%82%B5%E3%82%A6%E3%83%9F%E3%82%B3%E3%83%83%E3%83%97" n2="%54%2F%4E" n3="%73%61%6B%6F%EF%BC%A0%E6%9C%80" dan="16,17,17,17" rate="2113.78,2182.16,2175.56,2156.85" sx="M,M,M,M"/><TAIKYOKU oya="0"/><INIT seed="0,0,0,2,2,70" ten="250,250,250,250" oya="0" hai0="134,52,98,135,28,48,86,10,20,23,34,87,66" hai1="117,79,61,30,59,83,47,55,58,12,57,45,32" hai2="3,118,19,130,116,1,8,33,39,113,16,125,108" hai3="110,100,127,106,26,77,37,13,49,112,123,31,51"/><T92/><D66/><U69/><E32/><V29/><F113/><W25/><G112/><T72/><D72/><U88/><E117/><N who="2" m="45163" /><F108/><W103/><G110/><T129/><D129/><U76/><E30/><V6/><F3/><W109/><G109/><T43/><D43/><U107/><E107/><V94/><F94/><W126/><G77/><N who="1" m="29770" /><E69/><V93/><F93/><W90/><G90/><T14/><D34/><U44/><E12/><V7/><F7/><W46/><G13/><T63/><D28/><U54/><E61/><V102/><F102/><W96/><G103/><N who="0" m="60871" /><D63/><U22/><E22/><N who="0" m="8233" /><D135/><U119/><E119/><V71/><F71/><W24/><G31/><T97/><D134/><U121/><E121/><V122/><F122/><W41/><REACH who="3" step="1"/><G123/><REACH who="3" ten="250,250,250,240" step="2"/><T17/><D97/><U27/><E27/><N who="2" m="18623" /><F130/><W115/><G115/><T9/><D9/><U85/><AGARI ba="0,1" hai="44,45,47,54,55,57,58,59,83,85,88" m="29770" machi="85" ten="40,2700,0" yaku="8,1,54,1" doraHai="70" who="1" fromWho="1" sc="250,-13,250,37,250,-7,240,-7" /><INIT seed="1,0,0,4,2,66" ten="237,287,243,233" oya="1" hai0="106,63,69,132,89,115,68,0,42,101,51,125,70" hai1="17,90,18,15,33,52,38,3,1,72,116,59,71" hai2="2,84,5,112,92,21,96,111,104,100,118,54,60" hai3="105,40,39,91,107,13,86,123,108,126,23,6,14"/><U25/><E116/><V53/><F118/><W27/><G123/><T121/><D115/><U99/><E38/><V110/><F112/><W65/><G108/><N who="2" m="41513" /><F21/><W61/><G126/><T127/><D0/><U64/><E72/><V24/><F24/><W57/><G40/><T76/><D76/><U131/><E131/><V44/><F5/><W83/><G39/><T26/><D121/><U119/><E119/><V4/><F4/><W117/><G117/><T36/><D132/><U62/><E33/><V7/><F7/><W78/><G78/><T122/><D122/><U45/><E45/><V77/><F44/><W29/><REACH who="3" step="1"/><G14/><REACH who="3" ten="237,287,243,223" step="2"/><T98/><D36/><U75/><E15/><V81/><F2/><W37/><G37/><T20/><D125/><U9/><E1/><V49/><F49/><W58/><G58/><T94/><D127/><U129/><E3/><V12/><F12/><W133/><G133/><T113/><D113/><U31/><E59/><N who="2" m="34927" /><F54/><W32/><G32/><T120/><D120/><U22/><E52/><V34/><F34/><W93/><G93/><AGARI ba="0,1" hai="77,81,84,92,93,96,100,104" m="34927,41513" machi="93" ten="30,1000,0" yaku="14,1" doraHai="66" who="2" fromWho="3" sc="237,0,287,0,243,20,223,-10" /><INIT seed="2,0,0,2,3,115" ten="237,287,263,213" oya="2" hai0="77,122,66,132,87,19,40,134,3,99,11,6,71" hai1="1,100,126,129,13,44,33,92,46,62,27,8,121" hai2="61,68,69,103,102,22,56,10,83,125,16,38,67" hai3="31,123,17,116,114,57,4,93,34,36,105,86,48"/><V2/><F38/><W117/><G123/><T12/><D122/><U107/><E121/><V133/><F125/><W28/><G36/><T104/><D40/><U76/><E1/><V97/><F133/><N who="0" m="51306" /><D66/><U131/><E107/><V81/><F102/><W63/><G114/><T124/><D71/><U80/><E62/><V110/><F68/><W130/><G105/><T113/><D113/><U14/><E33/><V74/><F69/><W58/><G130/><N who="1" m="49674" /><E27/><V24/><F74/><W78/><G4/><T70/><D70/><U5/><E14/><V51/><F51/><W109/><G109/><T9/><D124/><U53/><E53/><V43/><F43/><W72/><G72/><T90/><D77/><U98/><E126/><V127/><F127/><W94/><G34/><T119/><D99/><U42/><E42/><V35/><F35/><W50/><G17/><T52/><D104/><U75/><AGARI ba="0,0" hai="5,8,13,44,46,75,76,80,92,98,100" m="49674" machi="75" ten="30,1100,0" yaku="19,1" doraHai="115" who="1" fromWho="1" sc="237,-3,287,11,263,-5,213,-3" /><INIT seed="3,0,0,0,1,76" ten="234,298,258,210" oya="3" hai0="2,8,53,54,31,35,107,57,117,48,97,92,110" hai1="30,88,111,25,50,33,134,95,17,59,52,64,129" hai2="75,73,42,114,19,26,28,84,89,121,80,79,63" hai3="66,128,78,4,18,7,9,10,98,36,85,96,72"/><W102/><G72/><T58/><D110/><U116/><E111/><V12/><F114/><W99/><G36/><T106/><D117/><U86/><E116/><V135/><F135/><W6/><G128/><T39/><D39/><U125/><E134/><V81/><F121/><W132/><G132/><T93/><D31/><U0/><E125/><V131/><F131/><W90/><G78/><T70/><D70/><U13/><E129/><V27/><F42/><W38/><G38/><T3/><D35/><U55/><E0/><V40/><F40/><W74/><G74/><T16/><D93/><U83/><E64/><V91/><F91/><W87/><G66/><T61/><D2/><U126/><E55/><V29/><F63/><W32/><G32/><T115/><D115/><U49/><E126/><V20/><F75/><W118/><G118/><T65/><D65/><U46/><E95/><V34/><F29/><W68/><G68/><T112/><D112/><U120/><E120/><V104/><F104/><W123/><G87/><T119/><D119/><U15/><E17/><V47/><F47/><W45/><G45/><T51/><D61/><U14/><REACH who="1" step="1"/><E46/><REACH who="1" ten="234,288,258,210" step="2"/><V44/><REACH who="2" step="1"/><F44/><REACH who="2" ten="234,288,248,210" step="2"/><W130/><G130/><T124/><D124/><U71/><E71/><V113/><F113/><W122/><G123/><T41/><D41/><U77/><E77/><V43/><F43/><W94/><G122/><T5/><REACH who="0" step="1"/><D16/><REACH who="0" ten="224,288,248,210" step="2"/><U23/><E23/><V100/><F100/><AGARI ba="0,3" hai="3,5,8,48,51,53,54,57,58,92,97,100,106,107" machi="100" ten="30,7700,0" yaku="1,1,2,1,7,1,9,1,53,0" doraHai="76" doraHaiUra="11" who="0" fromWho="2" sc="224,107,288,0,248,-77,210,0" /><INIT seed="4,0,0,0,2,80" ten="331,288,171,210" oya="0" hai0="120,43,81,113,77,53,36,104,102,98,26,111,8" hai1="91,118,82,1,117,48,54,114,92,128,87,105,112" hai2="84,97,37,75,68,59,20,70,88,122,10,69,71" hai3="123,66,100,9,13,76,12,0,51,85,99,57,38"/><T27/><D120/><U65/><E1/><V41/><F122/><W22/><G123/><T83/><D113/><N who="1" m="43627" /><E105/><V64/><F75/><W79/><G38/><T28/><D111/><U32/><E32/><V45/><F97/><W119/><G119/><N who="1" m="45578" /><E65/><V121/><F121/><W15/><G22/><T52/><D81/><U126/><E82/><V35/><F35/><W30/><G30/><T55/><D8/><U125/><E128/><V124/><F124/><W95/><G85/><T107/><D107/><U17/><E17/><V39/><F39/><W106/><G106/><T90/><D90/><U72/><E72/><V73/><F73/><W18/><G0/><T2/><D2/><U33/><E33/><V67/><F10/><W19/><G13/><T11/><D11/><U21/><E21/><V23/><N who="2" m="17408" /><DORA hai="40" /><V7/><F7/><W131/><G18/><T46/><REACH who="0" step="1"/><D28/><REACH who="0" ten="321,288,171,210" step="2"/><U109/><E109/><V44/><F88/><W3/><G9/><T47/><D47/><AGARI ba="0,1" hai="47,48,54,87,91,92,125,126" m="45578,43627" machi="47" ten="30,7700,0" yaku="15,1,11,1,52,2" doraHai="80,40" who="1" fromWho="0" sc="321,-77,288,87,171,0,210,0" /><INIT seed="5,0,0,4,4,98" ten="244,375,171,210" oya="1" hai0="26,86,44,78,87,76,31,109,58,73,79,127,14" hai1="93,48,111,77,81,84,116,52,92,129,131,68,41" hai2="132,97,46,122,24,1,27,128,60,64,113,100,21" hai3="63,102,75,62,38,53,103,43,88,17,54,124,104"/><U91/><E116/><V35/><F122/><W130/><G104/><T11/><D127/><U112/><E112/><V57/><F1/><W39/><G75/><T96/><D109/><U56/><E111/><V85/><F132/><W40/><G17/><T80/><D73/><U8/><E68/><V49/><F128/><N who="1" m="49225" /><E41/><V32/><F85/><W16/><G130/><T2/><D2/><U20/><E20/><V89/><F89/><W82/><G16/><N who="0" m="8287" /><D44/><U3/><E77/><V19/><F27/><W9/><G88/><N who="0" m="51271" /><D58/><U23/><E23/><V115/><F113/><W126/><G9/><T105/><D105/><U65/><E65/><V118/><F118/><W36/><G38/><T50/><D50/><U125/><E125/><V51/><F51/><W7/><REACH who="3" step="1"/><G82/><REACH who="3" ten="244,375,171,200" step="2"/><N who="0" m="47559" /><D96/><U90/><E90/><V119/><F115/><W59/><G59/><T117/><D117/><U83/><E81/><V74/><F74/><W29/><G29/><T18/><D31/><U94/><E83/><V134/><F119/><W120/><G120/><T45/><D45/><U99/><E99/><V22/><F46/><W0/><G0/><T101/><D101/><U15/><E3/><V67/><F100/><W114/><G114/><T47/><D47/><U135/><E135/><V123/><F97/><W5/><AGARI ba="0,1" hai="5,7,36,39,40,43,53,54,62,63,102,103,124,126" machi="5" ten="25,12000,2" yaku="1,1,0,1,22,2,52,2,53,0" doraHai="98" doraHaiUra="107" who="3" fromWho="3" sc="244,-30,375,-60,171,-30,200,130" /><INIT seed="6,0,0,5,4,107" ten="214,315,141,330" oya="2" hai0="34,25,50,116,17,68,45,83,73,51,61,98,125" hai1="56,59,75,130,33,74,29,48,15,122,69,127,11" hai2="4,123,109,108,95,132,30,113,131,90,96,71,44" hai3="86,94,38,1,28,105,65,92,66,119,112,54,12"/><V21/><F123/><W100/><G119/><T18/><D125/><U40/><E69/><V8/><F71/><W60/><G1/><T110/><D110/><N who="2" m="42602" /><F113/><W64/><G38/><T19/><D116/><U120/><E127/><V10/><F132/><W32/><G112/><T88/><D68/><U31/><E130/><V35/><F35/><W126/><G105/><T111/><D111/><U7/><E40/><V52/><F131/><W23/><G32/><T9/><D61/><U41/><E41/><V77/><F77/><W118/><G118/><T103/><D9/><U43/><E43/><V93/><F4/><W85/><G126/><T102/><D34/><U57/><E48/><N who="2" m="28679" /><F95/><W55/><G94/><T53/><D51/><U84/><E84/><V46/><F46/><W2/><G86/><N who="0" m="50271" /><D98/><U124/><E124/><V70/><F70/><W115/><G85/><T76/><D25/><AGARI ba="0,0" hai="8,10,21,25,30,90,93,96" m="28679,42602" machi="25" ten="30,2900,0" yaku="10,1,54,1" doraHai="107" who="2" fromWho="0" sc="214,-29,315,0,141,29,330,0" /><INIT seed="6,1,0,2,1,128" ten="185,315,170,330" oya="2" hai0="122,88,50,130,40,9,123,89,17,52,41,134,35" hai1="13,91,32,31,94,78,47,7,95,106,48,20,59" hai2="37,112,63,5,23,25,121,90,16,99,66,60,98" hai3="70,87,22,58,117,133,75,34,3,30,114,83,124"/><V107/><F121/><W92/><G70/><T73/><D73/><U19/><E106/><V71/><F37/><W2/><G34/><T101/><D35/><U129/><E129/><V49/><F112/><W64/><G117/><T4/><D130/><U132/><E78/><V97/><F5/><W93/><G75/><T85/><D101/><U125/><E125/><V24/><F60/><W54/><G64/><T72/><D72/><U100/><E59/><V14/><F107/><W45/><G45/><T96/><D122/><U36/><E36/><V43/><REACH who="2" step="1"/><F90/><REACH who="2" ten="185,315,160,330" step="2"/><W51/><G114/><T127/><D123/><U27/><E7/><V38/><F38/><W12/><G124/><T104/><D127/><U26/><E91/><V1/><F1/><W10/><G2/><T76/><D4/><U103/><E48/><V69/><F69/><W84/><G3/><T55/><D89/><U28/><E103/><V86/><F86/><W74/><G87/><T105/><D104/><U18/><E100/><V62/><F62/><W29/><G84/><T39/><D105/><U8/><E95/><V113/><F113/><W15/><G93/><N who="0" m="56359" /><D39/><U44/><E94/><V135/><F135/><W65/><G133/><T118/><D118/><U21/><E132/><V110/><F110/><W79/><G92/><T61/><D134/><U111/><E111/><V56/><F56/><W120/><G120/><T6/><D6/><U77/><E77/><V42/><F42/><N who="0" m="16490" /><D61/><U11/><E32/><V108/><F108/><W46/><G79/><T102/><D85/><U68/><E68/><V82/><F82/><RYUUKYOKU ba="1,1" sc="185,-15,315,15,160,15,330,-15" hai1="8,11,13,18,19,20,21,26,27,28,31,44,47" hai2="14,16,23,24,25,43,49,63,66,71,97,98,99" /><INIT seed="6,2,1,5,1,79" ten="170,330,175,315" oya="2" hai0="103,26,61,24,127,60,57,94,73,93,3,77,55" hai1="121,68,0,39,107,63,54,9,99,23,97,50,42" hai2="56,64,22,74,46,43,118,129,18,35,44,105,98" hai3="110,72,36,5,14,71,84,113,38,82,62,85,11"/><V116/><F35/><W76/><G110/><T123/><D123/><U17/><E121/><V37/><F46/><W80/><G113/><T45/><D3/><U27/><E107/><V88/><F74/><W92/><G92/><T90/><D127/><U104/><E104/><V111/><F129/><W101/><G101/><T67/><D77/><U134/><E134/><V75/><F75/><W21/><G72/><T15/><D73/><U131/><E131/><V87/><F111/><W48/><G21/><T133/><D133/><U91/><E0/><V65/><F98/><W100/><G100/><T51/><D103/><U20/><E9/><V95/><F105/><W31/><G31/><T25/><D90/><U102/><E102/><V128/><F128/><W8/><G8/><T89/><D89/><U130/><E91/><V86/><F87/><W112/><G112/><T120/><D120/><U122/><E23/><V126/><F126/><W10/><G11/><T47/><D15/><U109/><E109/><V132/><F132/><W117/><G117/><T13/><D13/><U12/><E12/><V96/><F96/><W70/><G85/><T1/><D1/><U30/><E122/><V40/><F40/><W114/><G114/><T41/><REACH who="0" step="1"/><D47/><REACH who="0" ten="160,330,175,315" step="2"/><N who="1" m="24031" /><E130/><V16/><F18/><W53/><G10/><T83/><D83/><U33/><E17/><V7/><F7/><W69/><G82/><T2/><D2/><U115/><E115/><V125/><F125/><W19/><G5/><T106/><D106/><U78/><E78/><V32/><F118/><W135/><G135/><T81/><D81/><RYUUKYOKU ba="2,2" sc="160,30,330,-10,175,-10,315,-10" hai0="24,25,26,41,45,51,55,57,60,61,67,93,94" /><INIT seed="7,3,2,4,4,20" ten="190,320,165,305" oya="3" hai0="113,44,135,50,125,48,92,88,118,40,73,129,106" hai1="93,132,30,79,62,23,99,124,100,28,98,67,134" hai2="12,53,18,15,56,87,69,60,14,36,114,84,123" hai3="46,70,105,41,26,85,95,1,101,89,75,43,54"/><W35/><G1/><T65/><D118/><U103/><E124/><V4/><F36/><W74/><G70/><T22/><D106/><N who="1" m="63767" /><E79/><V39/><F39/><W97/><G54/><T16/><D125/><U29/><E23/><N who="2" m="11719" /><F69/><W133/><G133/><N who="1" m="51306" /><E30/><V83/><F114/><W94/><G43/><T107/><D129/><U127/><E127/><V116/><F116/><W128/><G128/><T49/><D73/><U45/><E45/><V52/><F123/><W9/><G9/><T131/><D131/><U86/><E86/><N who="2" m="32811" /><F83/><W32/><G105/><T6/><D135/><U19/><E19/><V66/><F14/><W7/><G7/><T64/><D113/><U96/><E99/><V8/><AGARI ba="3,2" hai="4,8,15,52,53,56,60,66" m="32811,11719" machi="8" ten="30,2000,0" yaku="8,1,54,1" doraHai="20" who="2" fromWho="2" sc="190,-8,320,-8,165,49,305,-13" owari="182,-32.0,312,42.0,214,-19.0,292,9.0" /></mjloggm>