<mjloggm ver="2.3"><GO type="169" lobby="0"/><UN n0="%E7%89%8C%E6%B5%81%E7%8A%B6%E6%85%8B%E9%BA%BB%E9%9B%80" n1="%E3%81%82%E3%81%84%E3%81%A0%E3%81%A6" n2="%E7%99%BE%E5%BC%8F%E8%A6%B3%E9%9F%B3" n3="%37%2F%32%E3%81%AB%E7%94%9F%E3%81%BE%E3%82%8C%E3%81%A6" dan="16,17,16,16" rate="2072.38,2162.25,2096.06,2223.95" sx="M,M,M,M"/><TAIKYOKU oya="0"/><INIT seed="0,0,0,5,4,22" ten="250,250,250,250" oya="0" hai0="80,63,64,97,120,4,81,77,65,49,69,10,117" hai1="131,40,39,34,71,82,98,5,128,53,41,99,59" hai2="27,112,121,66,15,45,13,55,88,130,60,38,21" hai3="124,35,3,123,25,118,103,95,12,30,54,16,96"/><T104/><D117/><U79/><E34/><V132/><F121/><W47/><G118/><T84/><D120/><U116/><E71/><V9/><F112/><W110/><G110/><T78/><D65/><U11/><E116/><V1/><F132/><W85/><G124/><T58/><D97/><U102/><E41/><V86/><F130/><N who="1" m="49705" /><E40/><V83/><F1/><W94/><G3/><T114/><D104/><U44/><E44/><V56/><F9/><W42/><G54/><T18/><D18/><U111/><E39/><V70/><F45/><W90/><G123/><T93/><D93/><U135/><E135/><V105/><F105/><W129/><G129/><T122/><D114/><U73/><E102/><V28/><REACH who="2" step="1"/><F38/><REACH who="2" ten="250,250,240,250" step="2"/><W134/><G134/><T31/><D122/><U61/><E111/><V19/><F19/><W62/><G47/><T57/><D31/><U50/><E50/><AGARI ba="0,1" hai="13,15,21,27,28,50,55,56,60,66,70,83,86,88" machi="50" ten="30,7700,0" yaku="1,1,7,1,52,1,54,1,53,0" doraHai="22" doraHaiUra="0" who="2" fromWho="1" sc="250,0,250,-77,240,87,250,0" /><INIT seed="1,0,0,4,3,55" ten="250,173,327,250" oya="1" hai0="76,83,12,67,89,99,10,102,78,96,27,18,114" hai1="69,4,42,2,15,19,32,84,24,53,74,88,134" hai2="23,36,59,7,17,126,21,93,30,37,128,35,72" hai3="48,58,87,33,29,44,104,105,56,113,124,8,82"/><U109/><E74/><V61/><F128/><W135/><G113/><T43/><D114/><U63/><E2/><V95/><F72/><W120/><G120/><T31/><D43/><U133/><E42/><V118/><F118/><W98/><G124/><T92/><D67/><U26/><E4/><V91/><F35/><W22/><G33/><T0/><D0/><U77/><E77/><V68/><F68/><W94/><G8/><T71/><D71/><U60/><E60/><V3/><F126/><W107/><G135/><N who="1" m="51722" /><E32/><V123/><F123/><W64/><G64/><T129/><D129/><U115/><E109/><V116/><F116/><W54/><G29/><T85/><REACH who="0" step="1"/><D99/><REACH who="0" ten="240,173,327,250" step="2"/><U52/><E115/><V111/><F3/><W13/><G13/><T11/><D11/><N who="1" m="6655" /><E53/><V127/><F111/><W75/><G75/><T110/><D110/><U9/><E9/><V100/><F127/><W73/><G73/><T79/><D79/><U49/><E63/><V57/><F61/><W28/><G54/><T20/><AGARI ba="0,1" hai="10,12,18,20,27,31,76,78,83,85,89,92,96,102" machi="20" ten="20,5200,0" yaku="1,1,0,1,7,1,8,1,53,0" doraHai="55" doraHaiUra="130" who="0" fromWho="0" sc="240,62,173,-26,327,-13,250,-13" /><INIT seed="2,0,0,3,0,42" ten="302,147,314,237" oya="2" hai0="70,50,98,102,19,43,119,48,12,126,61,7,81" hai1="114,117,103,100,44,47,78,124,46,83,88,51,62" hai2="96,112,111,63,95,30,130,131,127,109,135,57,110" hai3="116,93,91,65,33,132,84,38,58,3,36,105,79"/><V104/><F112/><W129/><G116/><T87/><D126/><U113/><E117/><V120/><F120/><W21/><G33/><T9/><D119/><U69/><E124/><V17/><F127/><W37/><G3/><T1/><D61/><U23/><E51/><V39/><F135/><W123/><G123/><T76/><D70/><U20/><E113/><V99/><F39/><W4/><G4/><T26/><D26/><U24/><E20/><V97/><F30/><W92/><G105/><T5/><D5/><U64/><E88/><N who="2" m="55399" /><F17/><W35/><G21/><T94/><REACH who="0" step="1"/><D43/><REACH who="0" ten="292,147,314,237" step="2"/><U60/><E60/><V41/><F41/><W22/><G129/><N who="2" m="49161" /><F104/><W28/><G132/><T72/><D72/><U74/><REACH who="1" step="1"/><E114/><REACH who="1" ten="292,137,314,237" step="2"/><V34/><F34/><W108/><G35/><T49/><D49/><U11/><E11/><AGARI ba="0,2" hai="1,7,9,11,12,19,48,50,76,81,87,94,98,102" machi="11" ten="30,3900,0" yaku="1,1,7,1,53,1" doraHai="42" doraHaiUra="73" who="0" fromWho="1" sc="292,59,137,-39,314,0,237,0" /><INIT seed="3,0,0,5,0,50" ten="351,98,314,237" oya="3" hai0="59,92,81,90,132,75,120,13,1,124,107,133,69" hai1="89,29,4,51,102,11,114,135,129,6,63,126,77" hai2="55,94,35,31,3,43,71,18,65,44,83,60,111" hai3="72,34,112,16,122,130,76,45,58,32,118,38,123"/><W113/><G118/><T128/><D1/><U48/><E114/><V64/><F111/><W106/><G106/><T30/><D69/><U21/><E126/><V100/><F3/><W33/><G58/><T25/><D107/><U119/><E129/><V42/><F65/><W12/><G76/><T127/><D13/><U95/><E102/><V41/><F18/><W74/><G45/><T27/><D120/><N who="3" m="46121" /><G38/><T82/><D25/><N who="1" m="16559" /><E77/><V28/><F83/><N who="0" m="31754" /><D59/><U93/><E135/><N who="0" m="51785" /><D75/><U36/><E36/><V117/><F117/><W10/><G74/><T40/><D40/><U86/><E119/><V8/><F35/><W97/><G97/><N who="0" m="57495" /><D128/><U57/><E93/><V73/><F73/><W52/><G52/><T14/><D14/><N who="1" m="5479" /><E6/><V134/><F134/><W125/><G72/><T115/><D115/><N who="3" m="44105" /><G130/><T80/><D80/><U17/><E17/><V131/><F131/><W61/><G61/><T47/><D47/><U96/><E96/><V103/><F44/><W98/><G98/><T5/><D5/><U99/><E99/><V26/><F60/><W116/><G116/><T7/><D7/><U37/><E37/><V91/><F71/><W105/><G105/><T66/><D66/><AGARI ba="0,0" hai="48,51,57,63,66,86,89,95" m="5479,16559" machi="66" ten="30,1000,0" yaku="8,1" doraHai="50" who="1" fromWho="0" sc="351,-10,98,10,314,0,237,0" /><INIT seed="4,0,0,1,5,40" ten="341,108,314,237" oya="0" hai0="103,12,72,121,17,14,28,34,81,47,33,70,48" hai1="22,64,117,68,3,25,77,73,67,123,116,60,56" hai2="20,90,38,125,101,120,66,127,13,10,91,111,24" hai3="49,106,86,118,84,58,55,39,62,76,0,26,42"/><T119/><D119/><U98/><E3/><V63/><F38/><W7/><G118/><T36/><D36/><U31/><E123/><V78/><F78/><W35/><G106/><T114/><D70/><U85/><E73/><V50/><F101/><W46/><G76/><T54/><D114/><U89/><E68/><V113/><F111/><W29/><G0/><T108/><D121/><U71/><E71/><V1/><F1/><W124/><G7/><T93/><D12/><U128/><E128/><V92/><F113/><W41/><G124/><N who="2" m="47689" /><F50/><W15/><G15/><T109/><D81/><U8/><E8/><V129/><F129/><W97/><G97/><N who="0" m="59823" /><D28/><U18/><E31/><N who="2" m="17799" /><F92/><W37/><G42/><T135/><D72/><U110/><E110/><N who="0" m="42601" /><D135/><U99/><E99/><V69/><F120/><W59/><REACH who="3" step="1"/><G37/><REACH who="3" ten="341,108,314,227" step="2"/><T2/><D2/><U95/><E116/><V75/><F75/><W130/><G130/><T43/><D43/><U96/><E117/><V100/><F100/><W134/><G134/><T27/><D27/><U133/><E133/><V131/><F131/><W16/><G16/><AGARI ba="0,1" hai="10,13,16,63,66,69,90,91" m="17799,47689" machi="16" ten="30,2000,0" yaku="18,1,54,1" doraHai="40" who="2" fromWho="3" sc="341,0,108,0,314,30,227,-20" /><INIT seed="5,0,0,0,0,89" ten="341,108,344,207" oya="1" hai0="49,0,5,127,111,101,4,47,124,11,108,79,78" hai1="81,18,8,132,115,116,61,37,39,80,72,55,45" hai2="65,59,2,96,82,7,121,52,69,134,94,110,62" hai3="87,34,17,14,125,23,10,44,63,73,36,26,106"/><U54/><E116/><V24/><F121/><W40/><G125/><N who="0" m="48203" /><D5/><U25/><E115/><V50/><F110/><N who="0" m="42026" /><D101/><U123/><E132/><V12/><F134/><W22/><G73/><T29/><D29/><U32/><E123/><V85/><F2/><W135/><G135/><T27/><D27/><U83/><E72/><V97/><F24/><W118/><G118/><T19/><D19/><U117/><E117/><V60/><F60/><W104/><G23/><T86/><D86/><U76/><E76/><V100/><F97/><W128/><G128/><T68/><D68/><U131/><E131/><V9/><F85/><W133/><G63/><T66/><D66/><U13/><E61/><V77/><REACH who="2" step="1"/><F82/><REACH who="2" ten="341,108,334,207" step="2"/><W120/><G120/><T30/><D30/><U70/><E70/><V102/><F102/><W1/><G133/><T92/><D92/><U48/><E25/><V20/><F20/><W51/><G87/><T28/><D28/><U109/><E32/><V98/><F98/><W53/><G34/><T64/><D64/><U112/><E109/><V16/><F16/><W74/><G74/><T130/><D130/><U31/><E31/><V93/><F93/><W42/><G26/><T33/><D33/><U75/><E75/><V114/><F114/><W67/><G17/><T105/><D105/><U129/><E129/><V56/><F56/><W90/><G106/><T103/><D103/><U3/><E112/><V91/><F91/><W119/><G90/><T88/><D88/><U46/><REACH who="1" step="1"/><E3/><REACH who="1" ten="341,98,334,207" step="2"/><V41/><F41/><AGARI ba="0,2" hai="0,4,11,41,47,49,78,79" m="42026,48203" machi="41" ten="30,1000,0" yaku="18,1" doraHai="89" who="0" fromWho="2" sc="341,30,98,0,334,-10,207,0" /><INIT seed="6,0,0,0,0,69" ten="371,98,324,207" oya="2" hai0="26,28,87,1,47,51,132,39,89,122,128,49,112" hai1="126,59,120,23,66,6,111,25,99,133,75,110,119" hai2="95,7,52,116,90,77,113,84,21,41,32,88,98" hai3="104,40,76,44,63,106,109,103,124,123,8,86,34"/><V64/><F32/><W55/><G123/><T35/><D122/><U135/><E75/><V73/><F116/><W45/><G34/><T15/><D1/><U5/><E99/><V50/><F113/><W102/><G109/><N who="1" m="41482" /><E59/><V118/><F118/><W22/><G106/><T134/><D128/><U9/><E66/><V29/><F64/><W78/><G104/><T83/><D112/><U42/><E42/><V4/><F41/><W121/><G121/><T14/><D49/><U19/><E119/><V33/><F33/><W94/><G45/><T0/><D0/><U11/><E120/><V97/><F77/><W129/><G78/><T96/><D96/><N who="2" m="36970" /><F90/><W80/><G102/><T108/><D39/><U56/><E56/><N who="2" m="32791" /><F73/><W91/><G103/><T65/><D65/><U92/><E92/><V100/><F100/><W85/><G94/><T105/><D105/><U70/><E70/><V82/><F82/><W30/><G91/><T36/><D36/><U74/><E74/><V16/><F29/><W67/><G30/><T18/><D108/><U62/><E62/><V81/><F81/><W57/><G63/><T130/><D28/><U31/><E126/><V61/><F61/><W53/><G124/><T2/><D83/><U13/><E31/><V117/><F117/><W3/><G80/><T12/><D35/><U37/><E37/><V60/><F60/><W131/><G76/><T93/><D89/><U54/><E54/><V72/><F72/><W27/><G40/><T43/><D43/><U48/><E48/><V46/><F46/><W38/><G38/><T114/><D47/><RYUUKYOKU ba="0,0" sc="371,-15,98,15,324,15,207,-15" hai1="5,6,9,11,13,19,23,25,133,135" hai2="4,7,16,21,84,88,95" /><INIT seed="6,1,0,5,1,3" ten="356,113,339,192" oya="2" hai0="102,52,71,113,7,108,16,54,36,49,70,77,23" hai1="85,111,94,83,104,80,0,109,75,4,55,134,97" hai2="24,31,73,9,117,62,26,87,135,1,32,8,30" hai3="46,41,38,129,126,96,39,119,115,43,69,86,91"/><V57/><F73/><W66/><G119/><T58/><D108/><U124/><E124/><V14/><F117/><W90/><G126/><T45/><D113/><U34/><E134/><V79/><F135/><W89/><G115/><T92/><D77/><U127/><E34/><V82/><F1/><W76/><G129/><T100/><D7/><U19/><E127/><V67/><REACH who="2" step="1"/><F14/><REACH who="2" ten="356,113,329,192" step="2"/><W95/><G69/><T64/><D71/><U56/><E0/><V133/><F133/><W101/><G38/><T37/><D70/><U130/><E75/><V68/><F68/><W99/><G39/><T61/><D36/><U81/><E130/><V10/><F10/><W116/><G116/><T60/><D37/><U84/><E111/><V25/><F25/><W132/><G132/><T128/><D128/><U63/><E109/><V88/><F88/><W98/><G90/><T121/><D121/><U131/><E131/><V114/><F114/><W13/><G91/><T44/><D102/><U6/><E104/><V106/><F106/><W21/><G101/><T27/><D100/><N who="1" m="60471" /><E19/><V18/><F18/><W17/><G76/><T11/><D11/><U72/><E72/><V65/><F65/><W35/><G66/><T53/><D64/><U118/><E118/><V105/><F105/><W2/><G2/><T59/><D92/><U12/><E12/><V50/><F50/><W78/><G78/><T125/><D125/><U29/><E29/><V20/><AGARI ba="1,1" hai="8,9,20,24,26,30,31,32,57,62,67,79,82,87" machi="20" ten="20,3900,0" yaku="1,1,0,1,7,1,53,0" doraHai="3" doraHaiUra="107" who="2" fromWho="2" sc="356,-14,113,-14,329,52,192,-14" /><INIT seed="6,2,0,1,4,56" ten="342,99,381,178" oya="2" hai0="63,20,121,44,33,96,119,5,124,74,135,54,57" hai1="64,3,7,132,104,134,42,85,66,111,8,6,113" hai2="131,81,27,94,77,116,38,22,86,58,29,72,35" hai3="98,31,53,21,93,23,40,133,47,45,70,108,19"/><V37/><F116/><W25/><G108/><T14/><D33/><U122/><E111/><V100/><F131/><W114/><G133/><T49/><D121/><U28/><E104/><V52/><F35/><W34/><G70/><T48/><D135/><N who="1" m="51755" /><E42/><V83/><F94/><W18/><G114/><T17/><D124/><U112/><E28/><V46/><F46/><W84/><G84/><T60/><D74/><U91/><E7/><V16/><F100/><W30/><G34/><T10/><D96/><U59/><E122/><V117/><F29/><W39/><G47/><T127/><D127/><U41/><E41/><V43/><F43/><W55/><G31/><T97/><D97/><U67/><E59/><V32/><F32/><W126/><G30/><T82/><D82/><AGARI ba="2,0" hai="3,6,8,64,66,67,82,85,91,112,113" m="51755" machi="82" ten="30,1000,0" yaku="20,1" doraHai="56" who="1" fromWho="0" sc="342,-16,99,16,381,0,178,0" /><INIT seed="7,0,0,2,1,41" ten="326,115,381,178" oya="3" hai0="96,102,40,112,91,77,6,79,18,27,74,134,133" hai1="20,16,107,29,13,21,71,55,93,22,36,5,23" hai2="131,43,118,113,37,72,58,32,122,42,2,78,65" hai3="30,90,10,101,54,123,19,105,56,87,25,11,124"/><W125/><G123/><T97/><D6/><U35/><E107/><V3/><F32/><W89/><G101/><T127/><D40/><U132/><E36/><V34/><F34/><W64/><G64/><T7/><D7/><U104/><E104/><V69/><F69/><W9/><G105/><N who="0" m="63687" /><D18/><N who="1" m="10447" /><E55/><V48/><F43/><W81/><G19/><T120/><D27/><N who="1" m="18879" /><E93/><V44/><F118/><W109/><G109/><T115/><D127/><N who="3" m="48713" /><G25/><T12/><D12/><N who="1" m="9223" /><E71/><V117/><F65/><W57/><G30/><T92/><D120/><U33/><E132/><N who="0" m="50793" /><D74/><U31/><E5/><V47/><F72/><W53/><G53/><T106/><D106/><U76/><E76/><AGARI ba="0,0" hai="76,77,79,91,92,97,112,115" m="50793,63687" machi="76" ten="30,3900,0" yaku="20,1,34,2" doraHai="41" who="0" fromWho="1" sc="326,39,115,-39,381,0,178,0" owari="365,17.0,76,-42.0,381,47.0,178,-22.0" /></mjloggm>