<mjloggm ver="2.3"><GO type="169" lobby="0"/><UN n0="%E3%81%8F%E3%82%8B%E3%82%8B" n1="%E3%81%A8%E3%82%8A%E3%81%82%E3%81%88%E3%81%9A%E3%83%93%E3%83%BC%E3%83%AB" n2="%E3%81%A8%E3%81%B3%E3%81%BE%E3%81%93" n3="%41%4F%54" dan="16,16,17,16" rate="2173.39,2108.09,2202.13,2134.10" sx="M,M,M,M"/><TAIKYOKU oya="0"/><INIT seed="0,0,0,5,3,70" ten="250,250,250,250" oya="0" hai0="36,65,71,6,7,112,95,30,91,116,74,89,76" hai1="46,18,85,54,16,22,129,58,111,26,41,126,63" hai2="118,75,49,23,28,13,73,101,130,106,25,10,94" hai3="121,17,120,31,79,57,87,60,48,69,110,102,119"/><T62/><D112/><U32/><E111/><V92/><F130/><W39/><G110/><T11/><D116/><U84/><E129/><V114/><F114/><W9/><G119/><T2/><D7/><U83/><E126/><V64/><F118/><W109/><G102/><T66/><D66/><U37/><E32/><V77/><F106/><W131/><G31/><T40/><D30/><U86/><REACH who="1" step="1"/><E18/><REACH who="1" ten="250,240,250,250" step="2"/><V132/><F28/><W34/><G17/><T96/><D74/><U51/><E51/><V24/><F49/><W124/><G48/><T122/><D122/><U133/><E133/><V4/><F132/><W93/><G34/><T117/><D117/><U72/><E72/><V50/><F50/><W78/><G109/><T56/><D76/><AGARI ba="0,1" hai="16,22,26,37,41,46,54,58,63,76,83,84,85,86" machi="76" ten="30,7700,0" yaku="1,1,7,1,52,1,54,1,53,0" doraHai="70" doraHaiUra="103" who="1" fromWho="0" sc="250,-77,240,87,250,0,250,0" /><INIT seed="1,0,0,2,5,66" ten="173,327,250,250" oya="1" hai0="28,67,12,0,54,16,98,122,72,50,44,73,71" hai1="35,53,14,52,89,127,96,107,111,129,134,38,128" hai2="3,34,82,64,40,83,81,51,90,85,125,79,57" hai3="21,32,118,103,113,78,108,58,110,87,70,95,13"/><U133/><E35/><V23/><F34/><W56/><G32/><T77/><D122/><U55/><E38/><V76/><F3/><W59/><G113/><T4/><D28/><U8/><E107/><V101/><F125/><W100/><G118/><T97/><D0/><U93/><E111/><N who="3" m="42538" /><G70/><T19/><D4/><U31/><E31/><V48/><F101/><W88/><G78/><N who="2" m="29737" /><F23/><W105/><G105/><T65/><D65/><U29/><E29/><V130/><F130/><N who="1" m="50281" /><E127/><V43/><F64/><W135/><G135/><N who="1" m="51722" /><E55/><N who="2" m="31975" /><F51/><W18/><AGARI ba="0,0" hai="13,18,21,56,58,59,87,88,95,100,103" m="42538" machi="18" ten="40,2700,0" yaku="14,1,54,1" doraHai="66" who="3" fromWho="3" sc="173,-7,327,-13,250,-7,250,27" /><INIT seed="2,0,0,3,5,121" ten="166,314,243,277" oya="2" hai0="28,26,12,70,91,64,96,76,16,78,100,62,109" hai1="108,68,84,123,57,112,50,15,31,24,74,32,97" hai2="93,22,99,14,46,13,1,135,53,2,65,75,124" hai3="89,102,39,132,67,18,104,59,72,134,103,9,49"/><V73/><F65/><W41/><G72/><T128/><D128/><U88/><E74/><V131/><F131/><W48/><G89/><T52/><D91/><U0/><E68/><V90/><F75/><W17/><G39/><T80/><D80/><U77/><E77/><V56/><F73/><W25/><G104/><T44/><D109/><U126/><E0/><V83/><F124/><W30/><G67/><T58/><D44/><U133/><E126/><V20/><F135/><W127/><G41/><T114/><D114/><U37/><E37/><V116/><F2/><W38/><G38/><T113/><D113/><U120/><E112/><V60/><F1/><W79/><G79/><T119/><D119/><U107/><E133/><V66/><F83/><W85/><G127/><T5/><D5/><U111/><E15/><N who="2" m="5643" /><F116/><W122/><G122/><N who="1" m="46634" /><E107/><V27/><F27/><W45/><G25/><T51/><D26/><U87/><E97/><V21/><F66/><W43/><G85/><N who="1" m="32842" /><E88/><N who="2" m="55719" /><F46/><W101/><G134/><T63/><D28/><U69/><E69/><V106/><F106/><W54/><G30/><T23/><REACH who="0" step="1"/><D63/><REACH who="0" ten="156,314,243,277" step="2"/><U4/><E4/><V7/><F90/><W36/><G132/><T98/><D98/><U10/><E10/><V105/><F105/><AGARI ba="0,1" hai="12,16,23,51,52,58,62,64,70,76,78,96,100,105" machi="105" ten="30,7700,0" yaku="1,1,7,1,54,2,53,0" doraHai="121" doraHaiUra="117" who="0" fromWho="2" sc="156,87,314,0,243,-77,277,0" /><INIT seed="3,0,0,3,1,66" ten="243,314,166,277" oya="3" hai0="16,63,102,128,50,8,19,70,67,86,101,84,54" hai1="87,96,95,69,129,108,61,43,26,13,104,119,11" hai2="15,10,47,36,21,52,98,93,103,38,18,33,51" hai3="134,106,113,126,3,85,94,115,68,45,58,29,37"/><W120/><G106/><T125/><D128/><U121/><E108/><V55/><F33/><W72/><G3/><T89/><D125/><U107/><E129/><V132/><F132/><W41/><G72/><T59/><D84/><U60/><E121/><V116/><F116/><W123/><G29/><T77/><D77/><U28/><E43/><V6/><REACH who="2" step="1"/><F55/><REACH who="2" ten="243,314,156,277" step="2"/><W90/><G123/><T76/><D76/><U0/><E119/><V27/><AGARI ba="0,1" hai="6,10,15,18,21,27,36,38,47,51,52,93,98,103" machi="27" ten="20,8000,1" yaku="1,1,2,1,0,1,7,1,54,1,53,0" doraHai="66" doraHaiUra="83" who="2" fromWho="2" sc="243,-20,314,-20,156,90,277,-40" /><INIT seed="4,0,0,3,3,115" ten="223,294,246,237" oya="0" hai0="110,124,63,9,100,2,96,39,5,7,91,45,1" hai1="53,131,4,93,57,120,32,68,33,123,30,14,107" hai2="135,122,103,80,97,24,60,89,0,109,17,101,46" hai3="83,106,79,12,125,74,113,11,47,67,114,20,85"/><T25/><D124/><U61/><E107/><V59/><F122/><W121/><G121/><T92/><D110/><U77/><E131/><V118/><F109/><W29/><G125/><T16/><D63/><U70/><E33/><V35/><F0/><W52/><G106/><T95/><D39/><U56/><E123/><V62/><F135/><W28/><G67/><T15/><D45/><U116/><E116/><V69/><F46/><W76/><G79/><T55/><D55/><U112/><E77/><V51/><F69/><W119/><G74/><T87/><REACH who="0" step="1"/><D25/><REACH who="0" ten="213,294,246,237" step="2"/><N who="1" m="18511" /><E53/><V102/><F62/><W36/><G52/><T22/><D22/><U13/><E61/><V44/><F60/><W132/><G20/><T48/><D48/><U54/><E54/><V3/><F44/><W78/><G47/><T50/><D50/><U88/><E120/><V37/><F51/><W18/><G36/><T31/><D31/><U21/><E21/><V8/><F37/><W134/><G29/><T90/><D90/><U73/><E88/><V127/><F89/><W40/><G28/><T41/><D41/><U43/><E43/><V117/><F127/><W23/><G40/><T34/><D34/><U126/><E126/><V82/><F35/><W84/><G23/><T6/><AGARI ba="0,1" hai="1,2,5,6,7,9,15,16,87,91,92,95,96,100" machi="6" ten="30,6000,0" yaku="1,1,0,1,54,1,53,0" doraHai="115" doraHaiUra="75" who="0" fromWho="0" sc="213,70,294,-20,246,-20,237,-20" /><INIT seed="4,1,0,2,5,132" ten="283,274,226,217" oya="0" hai0="18,82,114,77,63,89,123,13,74,21,24,60,37" hai1="122,104,125,100,31,52,71,16,4,8,25,1,53" hai2="116,118,96,39,108,128,72,45,2,43,29,67,129" hai3="107,26,133,20,103,42,81,88,94,17,58,105,134"/><T32/><D123/><U130/><E122/><V35/><F72/><W124/><G42/><T102/><D114/><U41/><E130/><N who="2" m="50283" /><F2/><W5/><G5/><T68/><D37/><U113/><E113/><V93/><F67/><W101/><G58/><T112/><D112/><U86/><E71/><V34/><F108/><W117/><G117/><N who="2" m="45161" /><F29/><W95/><G124/><T51/><D102/><AGARI ba="1,0" hai="34,35,39,43,45,93,96,102" m="45161,50283" machi="102" ten="30,2000,0" yaku="19,1,12,1" doraHai="132" who="2" fromWho="0" sc="283,-23,274,0,226,23,217,0" /><INIT seed="5,0,0,2,5,58" ten="260,274,249,217" oya="1" hai0="89,51,97,30,24,19,26,35,115,14,9,110,113" hai1="128,54,134,98,21,42,41,85,129,120,127,64,1" hai2="61,0,43,6,66,91,83,10,25,75,88,69,109" hai3="36,68,80,135,84,38,33,108,114,72,125,103,123"/><U12/><E1/><V74/><F109/><W79/><RYUUKYOKU type="yao9" ba="0,0" sc="260,0,274,0,249,0,217,0" hai3="33,36,38,68,72,79,80,84,103,108,114,123,125,135" /><INIT seed="5,1,0,3,2,128" ten="260,274,249,217" oya="1" hai0="130,45,17,97,67,1,38,77,99,39,65,36,53" hai1="95,61,122,91,13,21,51,2,82,68,42,89,92" hai2="75,28,108,57,63,84,133,0,16,33,88,120,126" hai3="19,37,124,85,109,116,62,55,30,23,70,78,24"/><U11/><E122/><V56/><F108/><W3/><G109/><T27/><D1/><U79/><E2/><V86/><F120/><W119/><G37/><T5/><D5/><U9/><E68/><V29/><F75/><W8/><G124/><T7/><D7/><U121/><E121/><V102/><F0/><W90/><G78/><T41/><D130/><U25/><E61/><V129/><F33/><W54/><G3/><T4/><D4/><U98/><E13/><V81/><F129/><W104/><G104/><T14/><D27/><U72/><E42/><V118/><F102/><W73/><G73/><T105/><D53/><U134/><E51/><V69/><F69/><W22/><G8/><T113/><D77/><U114/><E114/><V66/><F118/><N who="3" m="45099" /><G62/><T35/><D113/><U60/><E60/><N who="2" m="38151" /><F126/><W46/><G46/><T74/><D74/><U125/><E125/><V20/><F84/><W34/><G70/><T50/><D35/><U112/><E112/><V43/><F133/><W10/><G10/><T44/><D45/><U127/><E134/><V59/><F43/><W131/><G131/><T47/><D47/><U32/><E32/><V6/><F6/><W26/><G34/><T64/><D105/><U31/><REACH who="1" step="1"/><E127/><REACH who="1" ten="260,264,249,217" step="2"/><V110/><F110/><W52/><G55/><T12/><D14/><U106/><E106/><V107/><F107/><W80/><AGARI ba="1,1" hai="19,22,23,24,26,30,52,54,80,85,90" m="45099" machi="80" ten="30,2000,0" yaku="12,1,54,1" doraHai="128" who="3" fromWho="3" sc="260,-6,264,-11,249,-6,217,33" /><INIT seed="6,0,0,4,1,73" ten="254,253,243,250" oya="2" hai0="51,96,16,5,48,114,35,32,125,45,0,41,37" hai1="70,53,78,72,118,31,85,128,52,61,98,29,111" hai2="99,58,94,42,67,90,18,131,49,1,36,89,19" hai3="71,27,60,113,10,93,2,86,101,121,66,81,103"/><V59/><F36/><W15/><G121/><T63/><D114/><U124/><E111/><V120/><F120/><W119/><G119/><T9/><D125/><U83/><E118/><V87/><F1/><W110/><G110/><T108/><D108/><U55/><E124/><V30/><F30/><N who="1" m="11273" /><E72/><V123/><F131/><W82/><G27/><T40/><D63/><U50/><E70/><V84/><F99/><W102/><G2/><T126/><D126/><U11/><E128/><V4/><F4/><W134/><G134/><T13/><D96/><U20/><E61/><N who="2" m="38327" /><F123/><W106/><G106/><T69/><D69/><U74/><E74/><V47/><F59/><N who="3" m="37151" /><G113/><T88/><D37/><U57/><E11/><V92/><AGARI ba="0,0" hai="18,19,42,47,49,84,87,89,90,92,94" m="38327" machi="92" ten="30,1500,0" yaku="8,1" doraHai="73" who="2" fromWho="2" sc="254,-5,253,-5,243,15,250,-5" /><INIT seed="6,1,0,5,5,83" ten="249,248,258,245" oya="2" hai0="10,7,100,119,35,17,27,89,6,68,124,88,118" hai1="55,90,107,67,34,65,92,97,36,21,13,102,43" hai2="38,1,15,106,58,79,75,121,70,25,133,69,28" hai3="53,85,103,60,95,130,33,87,96,56,12,3,108"/><V76/><F121/><W48/><G108/><T4/><D68/><U52/><E34/><V39/><F15/><W66/><G3/><T45/><D100/><U41/><E36/><N who="2" m="13867" /><F58/><W112/><G112/><T50/><D124/><U81/><E107/><V2/><F76/><W40/><G130/><T31/><D17/><N who="1" m="10415" /><E102/><V20/><F20/><W57/><G33/><T116/><D10/><U126/><E126/><V46/><F46/><N who="3" m="25671" /><G12/><T42/><AGARI ba="1,0" hai="4,6,7,27,31,35,42,45,50,88,89,116,118,119" machi="42" ten="40,5200,0" yaku="0,1,12,1,54,1" doraHai="83" who="0" fromWho="0" sc="249,55,248,-14,258,-27,245,-14" /><INIT seed="7,0,0,4,0,115" ten="304,234,231,231" oya="3" hai0="22,46,132,64,118,52,108,72,96,2,125,50,24" hai1="129,93,98,123,78,47,10,103,85,1,21,15,112" hai2="101,65,124,74,42,7,17,128,82,63,80,120,48" hai3="38,51,99,69,135,117,73,23,89,19,34,130,0"/><W127/><RYUUKYOKU type="yao9" ba="0,0" sc="304,0,234,0,231,0,231,0" hai3="0,19,23,34,38,51,69,73,89,99,117,127,130,135" /><INIT seed="7,1,0,2,5,21" ten="304,234,231,231" oya="3" hai0="25,52,123,106,131,11,4,125,103,36,73,7,135" hai1="40,1,12,112,37,113,30,45,91,48,95,101,133" hai2="10,38,104,5,121,98,107,118,49,75,0,43,85" hai3="76,126,34,35,50,29,33,105,63,39,64,8,83"/><W116/><G116/><T22/><D73/><U109/><E1/><V31/><F49/><W119/><G119/><T41/><D125/><U28/><E109/><V14/><F118/><W42/><G126/><T61/><D131/><U127/><E127/><V111/><F111/><W59/><G105/><T86/><D135/><U87/><E133/><V71/><F75/><W62/><G39/><T67/><D52/><U132/><E132/><V74/><F74/><W128/><G128/><T122/><D86/><U89/><E101/><V96/><F85/><W99/><G99/><T80/><D80/><U56/><E12/><V51/><F14/><W130/><G130/><T115/><D115/><N who="1" m="44107" /><E91/><V78/><F0/><W66/><G8/><T47/><D11/><U134/><E134/><V124/><F10/><W53/><G42/><T120/><D103/><U44/><E56/><V90/><F71/><W17/><G17/><T6/><D106/><U110/><E110/><V65/><F104/><W81/><G29/><T18/><D122/><U114/><N who="1" m="44115" /><U72/><DORA hai="23" /><E72/><V93/><F31/><W13/><G13/><T100/><D100/><U3/><E3/><V32/><F124/><W16/><G16/><T97/><D97/><U27/><E27/><V117/><F96/><W82/><REACH who="3" step="1"/><G76/><REACH who="3" ten="304,234,231,221" step="2"/><T54/><D120/><U24/><E24/><V57/><F121/><W68/><G68/><N who="0" m="42095" /><D123/><U20/><E20/><V94/><F98/><W77/><G77/><T9/><D9/><U60/><E37/><V69/><F38/><W129/><G129/><T88/><D36/><U79/><E40/><RYUUKYOKU ba="1,1" sc="304,-10,234,-10,231,-10,221,30" hai3="33,34,35,50,53,59,62,63,64,66,81,82,83" /><INIT seed="7,2,1,3,5,4" ten="294,224,221,251" oya="3" hai0="70,116,45,22,81,87,24,61,26,44,75,41,110" hai1="35,10,124,121,7,122,103,114,94,115,54,96,53" hai2="117,79,57,97,107,131,71,89,88,105,95,106,9" hai3="119,39,90,55,27,78,42,66,60,92,30,125,129"/><W18/><G119/><T36/><D110/><U56/><E124/><V100/><F71/><W14/><G125/><T118/><D75/><U120/><E35/><V69/><F69/><W23/><G129/><T68/><D70/><U123/><N who="1" m="30720" /><DORA hai="21" /><U127/><E127/><V86/><F57/><N who="3" m="37135" /><G39/><T130/><D130/><U126/><E126/><V109/><F131/><W133/><G133/><T11/><D44/><U82/><E82/><N who="2" m="47455" /><F9/><N who="3" m="6479" /><G42/><T135/><D41/><U16/><E16/><V15/><F15/><W37/><G37/><T134/><D68/><U108/><E108/><V1/><F1/><W85/><G55/><T49/><D36/><U43/><E43/><V2/><F2/><W67/><G67/><T34/><D34/><U25/><E25/><V32/><F32/><W33/><G33/><T38/><D26/><U12/><REACH who="1" step="1"/><E54/><REACH who="1" ten="294,214,221,251" step="2"/><V98/><F109/><W113/><G113/><T91/><D24/><U59/><E59/><V5/><F5/><W72/><G72/><T128/><D128/><U99/><E99/><N who="2" m="59519" /><F117/><W29/><G78/><T73/><D118/><U13/><E13/><V40/><F40/><W132/><G132/><T3/><D116/><U20/><E20/><V112/><F112/><W19/><AGARI ba="2,2" hai="19,23,27,29,30,85,90,92" m="6479,37135" machi="19" ten="30,6000,0" yaku="8,1,52,2" doraHai="4,21" who="3" fromWho="3" sc="294,-22,214,-22,221,-22,251,86" owari="272,7.0,192,-31.0,199,-20.0,337,44.0" /></mjloggm>