<mjloggm ver="2.3"><GO type="169" lobby="0"/><UN n0="%2A%72%61%79" n1="%E5%B8%B0%E3%82%8A%E3%81%9F%E3%81%84%E3%80%82" n2="%E3%81%A8%E3%82%8A%E3%81%82%E3%81%88%E3%81%9A%E3%83%93%E3%83%BC%E3%83%AB" n3="%53%61%6F%2D%48%7A%78" dan="16,16,16,16" rate="2153.55,2136.53,2117.33,2117.62" sx="F,M,M,F"/><TAIKYOKU oya="0"/><INIT seed="0,0,0,5,3,55" ten="250,250,250,250" oya="0" hai0="12,124,10,59,116,13,28,61,102,24,46,82,53" hai1="121,103,54,40,133,93,107,92,49,30,17,70,23" hai2="21,67,48,3,5,109,63,18,56,81,104,135,88" hai3="37,87,130,33,44,6,11,51,52,47,72,80,57"/><T108/><D116/><U69/><E121/><V132/><F109/><W39/><G33/><T78/><D124/><U1/><E1/><V45/><F104/><W97/><G130/><T94/><D108/><U75/><E75/><V20/><F5/><W126/><G126/><T129/><D129/><U85/><E40/><V9/><F3/><W62/><G72/><T60/><D60/><U31/><E70/><V106/><F106/><W115/><G97/><T98/><D46/><U117/><E69/><V96/><F9/><W29/><G29/><T32/><REACH who="0" step="1"/><D10/><REACH who="0" ten="240,250,250,250" step="2"/><U68/><E117/><V64/><F135/><W71/><G47/><T22/><D22/><U76/><E23/><V2/><F132/><W114/><G114/><T134/><D134/><U15/><E133/><V118/><F118/><W105/><G115/><T112/><D112/><U79/><E68/><V123/><F123/><W16/><G71/><T41/><D41/><U127/><E127/><V86/><F2/><W8/><G8/><T19/><D19/><U77/><E17/><V14/><F21/><W95/><G16/><T90/><D90/><N who="1" m="53327" /><E31/><V25/><F96/><W113/><G113/><T0/><D0/><U27/><E30/><V73/><F73/><AGARI ba="0,1" hai="12,13,24,28,32,53,59,61,73,78,82,94,98,102" machi="73" ten="30,11600,0" yaku="1,1,7,1,52,1,53,1" doraHai="55" doraHaiUra="91" who="0" fromWho="2" sc="240,126,250,0,250,-116,250,0" /><INIT seed="0,1,0,3,5,105" ten="366,250,134,250" oya="0" hai0="85,65,71,34,4,76,73,102,94,45,48,118,58" hai1="39,83,109,20,38,107,51,133,128,115,117,110,75" hai2="69,29,126,50,13,5,16,40,23,99,44,61,26" hai3="113,80,7,112,90,72,96,47,33,119,103,18,91"/><T27/><D58/><U66/><E107/><V35/><F126/><W25/><G119/><T55/><D85/><U37/><E117/><V123/><F123/><W127/><G127/><T17/><D94/><U130/><E20/><V79/><F5/><W62/><G7/><T81/><D17/><U54/><E83/><V8/><F99/><W108/><G108/><N who="1" m="41578" /><E75/><V0/><F0/><W82/><G47/><T92/><D92/><U100/><E100/><V42/><F79/><W116/><G116/><T88/><D88/><U64/><E133/><V67/><REACH who="2" step="1"/><F42/><REACH who="2" ten="366,250,124,250" step="2"/><W132/><G96/><T49/><D4/><U32/><E115/><V46/><F46/><W124/><G124/><T21/><D45/><N who="1" m="28015" /><E32/><AGARI ba="1,1" hai="8,13,16,23,26,29,32,35,40,44,50,61,67,69" machi="32" ten="40,2600,0" yaku="1,1,54,1,53,0" doraHai="105" doraHaiUra="104" who="2" fromWho="1" sc="366,0,250,-29,124,39,250,0" /><INIT seed="1,0,0,3,3,117" ten="366,221,163,250" oya="1" hai0="102,24,0,59,21,81,97,92,26,8,123,62,51" hai1="61,12,18,55,131,82,80,33,119,19,74,10,98" hai2="4,113,56,3,1,48,76,77,25,63,52,128,29" hai3="88,101,96,79,104,50,87,39,45,132,110,114,83"/><U75/><E119/><V130/><F113/><W100/><G114/><T65/><D24/><U67/><E131/><N who="2" m="50219" /><F4/><W40/><G110/><T42/><D51/><U134/><E134/><V93/><F93/><W6/><G132/><T68/><D68/><U109/><E109/><V99/><F99/><W85/><G6/><N who="0" m="1095" /><D81/><U72/><E33/><N who="2" m="20655" /><F1/><W36/><REACH who="3" step="1"/><G101/><REACH who="3" ten="366,221,163,240" step="2"/><T35/><D102/><U5/><E75/><V64/><F3/><W129/><G129/><T118/><D118/><U133/><E74/><V49/><F49/><W20/><G20/><T112/><D112/><U17/><E72/><V27/><F27/><W2/><G2/><T91/><D35/><U69/><E133/><V15/><F15/><W37/><G37/><T46/><D21/><U84/><E5/><V120/><F120/><W22/><G22/><T95/><D26/><U90/><E12/><V23/><F23/><W9/><G9/><T54/><D123/><U115/><E10/><V126/><F126/><W7/><G7/><T30/><D30/><U38/><E38/><V16/><F16/><W66/><G66/><T89/><D65/><U111/><E111/><V103/><F103/><W34/><G34/><T94/><D97/><U124/><E124/><V71/><AGARI ba="0,1" hai="48,52,56,63,64,71,76,77" m="20655,50219" machi="71" ten="30,2000,0" yaku="19,1,54,1" doraHai="117" who="2" fromWho="2" sc="366,-5,221,-10,163,30,240,-5" /><INIT seed="2,0,0,3,1,71" ten="361,211,193,235" oya="2" hai0="101,48,15,91,111,8,105,132,134,29,115,68,122" hai1="24,73,25,129,113,46,123,116,82,52,133,120,14" hai2="76,22,2,55,117,31,54,38,83,47,66,125,27" hai3="45,65,124,79,26,20,7,99,119,1,87,93,53"/><V108/><F117/><W130/><G119/><T50/><D91/><U114/><E116/><V94/><F125/><W39/><G130/><T44/><D29/><U100/><E100/><V13/><F2/><W77/><G124/><T75/><D101/><U10/><E73/><V80/><F108/><W110/><G110/><T34/><D34/><U81/><E82/><V92/><F66/><W128/><G65/><T112/><D105/><U98/><E98/><V19/><F83/><W61/><G128/><T56/><D75/><U40/><E81/><V118/><F118/><W86/><G77/><T64/><D8/><U78/><E78/><V12/><F12/><W17/><G79/><T127/><D15/><U37/><E52/><V96/><F94/><W59/><G7/><T109/><D44/><U135/><E25/><V28/><F28/><W30/><G1/><T4/><D4/><N who="1" m="3399" /><E24/><V3/><F3/><W0/><G0/><T85/><D85/><U90/><E90/><V49/><F38/><W67/><G30/><T107/><D107/><U62/><E62/><V23/><F55/><W69/><G69/><T51/><D68/><U32/><E32/><V106/><F106/><W5/><G5/><T103/><D103/><U74/><E74/><N who="2" m="43031" /><F96/><W72/><G72/><T63/><D127/><U121/><E129/><V11/><F92/><W102/><G39/><T126/><D126/><U84/><E84/><V21/><F27/><W33/><G33/><T57/><D122/><N who="1" m="31235" /><U60/><DORA hai="6" /><E60/><V42/><F54/><W41/><G53/><T97/><D109/><U16/><E16/><RYUUKYOKU ba="0,0" sc="361,-30,211,10,193,10,235,10" hai1="37,40,46,113,114,133,135" hai2="11,13,19,21,22,23,31,42,47,49" hai3="17,20,26,41,45,59,61,67,86,87,93,99,102" /><INIT seed="2,1,0,0,3,100" ten="331,221,203,245" oya="2" hai0="101,67,51,99,35,83,135,47,124,2,31,98,104" hai1="40,81,58,86,114,13,133,70,6,45,72,123,23" hai2="78,52,76,103,92,33,112,49,96,12,64,69,125" hai3="93,60,53,4,107,131,91,120,105,68,116,90,15"/><V129/><F112/><W18/><G116/><T32/><D2/><U84/><E70/><V134/><F125/><W24/><G120/><T119/><D83/><U38/><E114/><V128/><F134/><W79/><G131/><N who="2" m="50249" /><F33/><W17/><G79/><N who="2" m="30249" /><F12/><W130/><G130/><T87/><D87/><U34/><E72/><V89/><F64/><W44/><G68/><T37/><D35/><U55/><E34/><V19/><F69/><W57/><G44/><T20/><D20/><U126/><E86/><V74/><F19/><W122/><G122/><T48/><D124/><U25/><E133/><V42/><F42/><W11/><G91/><T113/><D113/><U1/><E1/><V0/><F74/><W117/><G117/><T88/><D31/><U118/><E123/><V21/><F21/><W16/><REACH who="3" step="1"/><G24/><REACH who="3" ten="331,221,203,235" step="2"/><T108/><D119/><U56/><E118/><V71/><F71/><W7/><G7/><T110/><D135/><U132/><E132/><V54/><F89/><W63/><G63/><T50/><D88/><U77/><E126/><V59/><F0/><W8/><G8/><T121/><D121/><U43/><E6/><V28/><F28/><W109/><G109/><T66/><D110/><U41/><E13/><V26/><F26/><W29/><G29/><T102/><D108/><U106/><E25/><V65/><F49/><W111/><G111/><T94/><REACH who="0" step="1"/><D32/><REACH who="0" ten="321,221,203,235" step="2"/><U36/><E77/><V5/><F5/><W30/><G30/><T10/><D10/><U95/><E23/><V39/><F39/><W9/><G9/><T75/><D75/><U22/><E36/><RYUUKYOKU ba="1,2" sc="321,10,221,-30,203,10,235,10" hai0="37,47,48,50,51,66,67,94,98,99,101,102,104" hai2="52,54,59,65,92,96,103" hai3="4,11,15,16,17,18,53,57,60,90,93,105,107" /><INIT seed="2,2,2,3,3,85" ten="331,191,213,245" oya="2" hai0="126,75,135,16,90,48,119,5,97,127,100,29,73" hai1="121,128,8,109,67,91,89,39,131,106,112,62,11" hai2="107,70,125,76,84,26,114,37,58,28,14,66,40" hai3="10,104,116,72,110,92,71,56,32,117,102,87,43"/><V61/><F114/><W57/><G71/><T6/><D29/><U83/><E112/><V123/><F123/><W118/><G32/><T27/><D48/><U50/><E39/><V15/><F125/><N who="0" m="47626" /><D27/><U115/><E109/><V22/><F107/><W64/><G43/><T101/><D16/><U12/><E106/><V38/><F70/><W7/><G72/><N who="0" m="27723" /><D135/><U130/><E83/><V33/><F40/><W63/><G110/><T24/><D24/><U35/><E121/><V134/><F134/><W44/><G44/><T2/><D2/><U1/><E35/><V0/><F0/><W93/><G56/><T86/><D119/><U9/><E115/><V18/><F76/><W49/><G49/><T122/><D122/><U88/><E50/><V59/><F84/><W111/><G87/><T34/><D34/><U55/><E55/><V17/><REACH who="2" step="1"/><F59/><REACH who="2" ten="331,191,203,245" step="2"/><W21/><G117/><T78/><D78/><U99/><E1/><V81/><F81/><W23/><G118/><T120/><D120/><U31/><E128/><V20/><AGARI ba="2,3" hai="14,15,17,18,20,22,26,28,33,37,38,58,61,66" machi="20" ten="20,7800,0" yaku="1,1,0,1,7,1,9,1,53,0" doraHai="85" doraHaiUra="80" who="2" fromWho="2" sc="331,-28,191,-28,203,114,245,-28" /><INIT seed="2,3,0,4,1,11" ten="303,163,317,217" oya="2" hai0="134,105,21,48,82,101,115,132,50,127,128,17,83" hai1="111,73,113,45,90,51,109,86,49,119,85,1,68" hai2="110,16,72,88,7,52,99,79,125,91,9,95,116" hai3="40,5,76,14,12,10,118,8,66,3,70,80,29"/><V42/><F116/><W117/><G40/><T135/><D115/><U64/><E73/><V47/><F125/><W18/><G29/><T62/><D101/><U120/><E113/><V106/><F106/><W129/><G129/><T63/><D105/><U39/><E1/><V108/><F79/><W4/><G70/><T56/><D127/><U37/><E119/><V26/><F72/><W75/><G66/><T71/><D71/><U103/><E103/><V15/><F91/><W54/><G54/><T33/><D33/><U112/><E112/><V121/><F121/><W78/><G78/><T34/><D34/><U84/><E90/><V58/><F47/><W32/><REACH who="3" step="1"/><G32/><REACH who="3" ten="303,163,317,207" step="2"/><T107/><D128/><U19/><E120/><V38/><F42/><W6/><G6/><T60/><D56/><U123/><E123/><V43/><F43/><W27/><G27/><N who="0" m="14767" /><D107/><U59/><E68/><V89/><F38/><W28/><G28/><T57/><D57/><U97/><E39/><V131/><F131/><W126/><G126/><T44/><D44/><U67/><E37/><V81/><F26/><W25/><G25/><T13/><D13/><U23/><E59/><V30/><F30/><W133/><G133/><T122/><D122/><U46/><E45/><V98/><F7/><W96/><G96/><T36/><D36/><U92/><E46/><V65/><F65/><W94/><G94/><T114/><D114/><U55/><E67/><V74/><F99/><W24/><G24/><T104/><D104/><U124/><E64/><V61/><F74/><W31/><G31/><T77/><D77/><RYUUKYOKU ba="3,1" sc="303,10,163,-30,317,10,207,10" hai0="48,50,60,62,63,82,83,132,134,135" hai2="9,15,16,52,58,61,81,88,89,95,98,108,110" hai3="3,4,5,8,10,12,14,18,75,76,80,117,118" /><INIT seed="2,4,1,4,1,69" ten="313,133,327,217" oya="2" hai0="108,103,77,2,76,95,21,60,114,70,89,28,46" hai1="17,38,45,40,87,111,122,92,132,121,49,80,26" hai2="100,16,110,41,55,9,50,115,29,42,104,24,36" hai3="65,62,85,84,61,71,129,10,96,101,130,99,1"/><V81/><F115/><W52/><G99/><T134/><D2/><U35/><E111/><V125/><F125/><W13/><G1/><T98/><D70/><U93/><E132/><V18/><F110/><W47/><G62/><T27/><D114/><U106/><E106/><V19/><F81/><W126/><G126/><T107/><D108/><U116/><E116/><V44/><F42/><W3/><G3/><T68/><D46/><U0/><E0/><V83/><F83/><W32/><G32/><T31/><D31/><U30/><E17/><V90/><F90/><W112/><G112/><T14/><D14/><U86/><E86/><V109/><F109/><W135/><G135/><T74/><D74/><U15/><E15/><V59/><F100/><W8/><G8/><T120/><D120/><N who="1" m="46187" /><E49/><V37/><F104/><W78/><G78/><AGARI ba="4,1" hai="26,30,35,38,40,45,78,80,87,92,93" m="46187" machi="78" ten="30,2000,0" yaku="13,1,52,1" doraHai="69" who="1" fromWho="3" sc="313,0,133,42,327,0,217,-32" /><INIT seed="3,0,0,5,2,11" ten="313,175,327,185" oya="3" hai0="74,92,28,16,7,124,97,98,50,88,4,67,39" hai1="118,90,133,59,78,119,121,123,81,49,82,79,73" hai2="2,25,45,60,8,130,107,15,43,110,117,135,20" hai3="95,76,96,83,27,62,36,47,80,91,17,125,44"/><W40/><G125/><T106/><D39/><U120/><E59/><V52/><F117/><N who="1" m="44553" /><E49/><V31/><F110/><W103/><G62/><T6/><D74/><N who="1" m="43223" /><E90/><V61/><F2/><W35/><G47/><T32/><D32/><U115/><E133/><V64/><F135/><W12/><G103/><T38/><D38/><U134/><E134/><V13/><F107/><W72/><G83/><T105/><D28/><U109/><E109/><V114/><F114/><AGARI ba="0,0" hai="73,79,82,114,115,120,121,123" m="43223,44553" machi="114" ten="40,8000,1" yaku="12,1,23,1,34,2" doraHai="11" who="1" fromWho="2" sc="313,0,175,80,327,-80,185,0" /><INIT seed="4,0,0,3,4,8" ten="313,255,247,185" oya="0" hai0="33,1,18,37,51,48,41,78,14,79,5,104,6" hai1="31,95,100,68,26,35,47,60,119,3,88,38,72" hai2="0,50,82,114,101,13,129,16,93,123,96,46,73" hai3="106,81,15,61,83,92,32,11,118,40,12,125,58"/><T52/><D104/><U89/><E119/><V116/><F0/><W17/><G106/><T122/><D37/><U91/><E72/><V22/><F123/><W20/><G118/><T70/><D70/><U87/><E3/><V105/><F116/><W131/><G125/><T9/><D33/><U29/><E29/><V128/><F114/><W75/><G32/><T134/><D134/><U7/><E7/><N who="0" m="2569" /><D122/><U80/><E100/><V55/><REACH who="2" step="1"/><F105/><REACH who="2" ten="313,255,237,185" step="2"/><W23/><G131/><T27/><D1/><U10/><E95/><V49/><F49/><W62/><G92/><T64/><D27/><U110/><E110/><V97/><F97/><W86/><G62/><T71/><D71/><U109/><E109/><V85/><F85/><W124/><G124/><T84/><D84/><U28/><E68/><V42/><F42/><W127/><G40/><T111/><D111/><U69/><E69/><V21/><F21/><W19/><G127/><T59/><D64/><U107/><E107/><V66/><F66/><W2/><G86/><T132/><D132/><U130/><E130/><V54/><F54/><W4/><G75/><T103/><D103/><U94/><E26/><V115/><F115/><W39/><G39/><T56/><D41/><U112/><E112/><V76/><AGARI ba="0,1" hai="13,16,22,46,50,55,73,76,82,93,96,101,128,129" machi="76" ten="30,7900,0" yaku="1,1,0,1,52,1,54,1,53,0" doraHai="8" doraHaiUra="117" who="2" fromWho="2" sc="313,-39,255,-20,237,89,185,-20" /><INIT seed="5,0,0,0,2,55" ten="274,235,326,165" oya="1" hai0="69,79,4,57,26,40,120,83,97,61,51,132,67" hai1="45,9,85,28,81,0,121,41,50,64,104,49,1" hai2="18,21,19,38,23,74,89,107,96,53,46,123,22" hai3="63,33,106,8,105,113,115,44,24,73,62,47,43"/><U65/><E121/><V27/><F74/><W31/><G73/><T13/><D132/><U90/><E104/><V20/><F123/><W77/><G77/><T109/><D109/><U6/><E0/><V37/><F37/><W60/><G8/><T39/><D26/><U119/><E119/><V128/><F128/><W110/><G110/><T11/><D97/><U91/><E28/><V54/><F38/><W32/><G32/><T70/><D120/><U134/><E134/><V112/><F112/><N who="3" m="43083" /><G47/><N who="0" m="26087" /><D39/><AGARI ba="0,0" hai="24,31,33,39,43,44,60,62,63,105,106" m="43083" machi="39" ten="30,1000,0" yaku="15,1" doraHai="55" who="3" fromWho="0" sc="274,-10,235,0,326,0,165,10" /><INIT seed="6,0,0,5,0,16" ten="264,235,326,175" oya="2" hai0="15,86,17,135,99,78,119,24,113,26,38,84,82" hai1="52,66,80,98,35,4,70,9,100,37,92,27,110" hai2="118,60,73,76,132,23,71,64,130,58,81,112,111" hai3="90,55,95,5,67,32,131,75,25,51,54,20,7"/><V49/><F118/><W62/><G75/><T48/><D38/><U89/><E110/><V31/><F112/><W94/><G32/><T121/><D121/><U22/><E37/><V1/><F130/><W134/><G134/><T63/><D135/><U117/><E35/><V46/><F111/><W109/><G131/><T28/><D28/><U91/><E66/><V126/><F126/><W21/><G109/><T2/><D2/><U97/><E70/><V56/><F1/><W33/><G33/><T30/><D30/><U104/><E117/><V96/><F96/><W59/><G95/><T43/><D99/><U87/><E52/><N who="3" m="20010" /><G51/><T115/><D86/><U41/><E41/><V53/><F132/><W29/><G21/><N who="0" m="11455" /><D119/><U72/><E72/><V102/><REACH who="2" step="1"/><F102/><REACH who="2" ten="264,235,316,175" step="2"/><W127/><G127/><T6/><D115/><U45/><E100/><V14/><F14/><W74/><G74/><T79/><D113/><U101/><E101/><V68/><F68/><W124/><G124/><T8/><D84/><AGARI ba="0,1" hai="5,7,20,25,29,59,62,67,84,90,94" m="20010" machi="84" ten="30,3900,0" yaku="8,1,52,1,54,1" doraHai="16" who="3" fromWho="0" sc="264,-39,235,0,316,0,175,49" /><INIT seed="7,0,0,0,5,31" ten="225,235,316,224" oya="3" hai0="42,77,123,102,81,97,22,88,67,19,72,16,69" hai1="134,135,63,85,23,30,118,84,1,106,116,38,94" hai2="78,14,53,129,75,57,132,98,101,120,66,117,89" hai3="93,74,34,100,48,0,26,87,64,9,61,35,92"/><W40/><G74/><T125/><D123/><U82/><E38/><V113/><F117/><N who="1" m="45161" /><E1/><V90/><F66/><W70/><G26/><T24/><D125/><U131/><E106/><V54/><F78/><W11/><G11/><T108/><D108/><U27/><E131/><V104/><F129/><W7/><G93/><T21/><D42/><U126/><E126/><V122/><F75/><W37/><G37/><T41/><D41/><U45/><E45/><V62/><F132/><W127/><G127/><T114/><D114/><U71/><E94/><V13/><F113/><W17/><G17/><T59/><D69/><U50/><E50/><V95/><F54/><W115/><G115/><T20/><D19/><U33/><E33/><V130/><F130/><W111/><G111/><T112/><D112/><U15/><E15/><N who="2" m="5643" /><F104/><W96/><REACH who="3" step="1"/><G87/><REACH who="3" ten="225,235,316,214" step="2"/><N who="0" m="50287" /><D72/><U47/><E85/><V58/><F122/><W4/><G4/><T91/><D102/><U80/><E84/><V55/><F120/><W8/><G8/><T83/><D24/><U32/><E135/><V105/><F105/><W60/><G60/><AGARI ba="0,1" hai="53,55,57,58,60,62,89,90,95,98,101" m="5643" machi="60" ten="30,1000,0" yaku="8,1" doraHai="31" who="2" fromWho="3" sc="225,0,235,0,316,20,214,-10" owari="225,-17.0,235,4.0,336,43.0,204,-30.0" /></mjloggm>