<mjloggm ver="2.3"><GO type="169" lobby="0"/><UN n0="%6B%6F%74%61%6B%6F%74%61" n1="%E6%96%87%58" n2="%69%54%65%6E%68%6F%75" n3="%73%61%6B%69%2D%E6%9E%97" dan="16,16,16,16" rate="2098.36,2103.37,2186.18,2102.93" sx="M,M,M,M"/><TAIKYOKU oya="0"/><INIT seed="0,0,0,3,0,130" ten="250,250,250,250" oya="0" hai0="43,52,6,101,115,72,71,3,93,100,112,60,64" hai1="90,109,19,99,106,104,110,7,41,77,58,134,73" hai2="14,85,4,40,131,32,0,94,133,68,103,55,92" hai3="27,78,1,98,111,21,25,12,105,18,122,129,67"/><T13/><D3/><U126/><E41/><V82/><F0/><W39/><G1/><T54/><D72/><U119/><E119/><V5/><F68/><W97/><G39/><T47/><D115/><U65/><E7/><V107/><F107/><W125/><G129/><T69/><D69/><U51/><E19/><V123/><F123/><W89/><G122/><T20/><D112/><U16/><E16/><V96/><F32/><W132/><G125/><T83/><D83/><N who="1" m="45487" /><E51/><V44/><F55/><W66/><G111/><N who="1" m="42506" /><E58/><V46/><F46/><W81/><G105/><N who="1" m="40554" /><E65/><V75/><F131/><W118/><G118/><T108/><D108/><U117/><E117/><V62/><F62/><W80/><G18/><T57/><D20/><U61/><E61/><V59/><F59/><W128/><G21/><T102/><D57/><U121/><E121/><V28/><F28/><W74/><G12/><T38/><REACH who="0" step="1"/><D93/><REACH who="0" ten="240,250,250,250" step="2"/><N who="1" m="56759" /><E126/><V76/><F94/><W86/><G128/><T37/><D37/><U49/><E49/><V2/><F2/><W53/><G74/><T8/><AGARI ba="0,1" hai="6,8,13,38,43,47,52,54,60,64,71,100,101,102" machi="8" ten="30,6000,0" yaku="1,1,0,1,54,1,53,0" doraHai="130" doraHaiUra="91" who="0" fromWho="0" sc="240,70,250,-20,250,-20,250,-20" /><INIT seed="0,1,0,4,5,55" ten="310,230,230,230" oya="0" hai0="132,57,117,131,96,21,100,49,60,77,0,88,44" hai1="53,106,46,51,39,91,87,64,45,99,14,7,116" hai2="93,121,42,65,111,52,25,17,73,20,54,2,31" hai3="41,133,1,103,5,8,40,74,33,50,36,134,69"/><T76/><D132/><N who="3" m="50793" /><G69/><T90/><D131/><U114/><E116/><V109/><F121/><W15/><G74/><T122/><D0/><U75/><E75/><V107/><F107/><W82/><G33/><T26/><D117/><U32/><E32/><V19/><F73/><W101/><G36/><T68/><D68/><U135/><E114/><V9/><F42/><N who="3" m="16491" /><G82/><T94/><D122/><U22/><E64/><V124/><F65/><W35/><G35/><T38/><D38/><U66/><E66/><V47/><F124/><W67/><G67/><N who="0" m="39311" /><D49/><U80/><E39/><V78/><F78/><N who="0" m="30314" /><D44/><U12/><E135/><V37/><F93/><W126/><G126/><T71/><D71/><U84/><E106/><V43/><F31/><AGARI ba="1,0" hai="21,26,31,88,90,94,96,100" m="30314,39311" machi="31" ten="30,11600,0" yaku="25,1,8,1,52,1,54,1" doraHai="55" who="0" fromWho="2" sc="310,119,230,0,230,-119,230,0" /><INIT seed="0,2,0,2,1,121" ten="429,230,111,230" oya="0" hai0="30,43,79,92,56,39,8,12,22,108,125,14,107" hai1="134,28,115,122,110,69,48,75,62,53,86,68,84" hai2="70,99,104,21,35,91,6,5,111,76,113,71,1" hai3="106,41,83,81,58,31,54,82,98,45,44,100,129"/><T0/><D107/><U123/><E75/><V59/><F113/><W65/><G129/><T133/><D133/><U49/><E28/><V19/><F111/><W120/><G120/><T42/><D0/><U77/><E77/><V109/><F109/><W34/><G65/><T96/><D39/><U74/><E74/><V88/><F76/><W23/><G34/><T37/><D37/><U20/><E20/><V117/><F117/><W38/><G44/><T85/><D125/><U72/><E72/><V55/><F35/><W126/><G126/><T103/><D108/><U135/><E110/><V114/><F114/><W105/><G105/><T32/><D56/><U18/><E62/><V102/><F70/><W13/><G31/><T78/><D78/><U15/><E15/><V9/><F6/><W63/><G13/><T101/><D101/><U64/><E53/><V46/><F46/><W73/><REACH who="3" step="1"/><G23/><REACH who="3" ten="429,230,111,220" step="2"/><T16/><D32/><U25/><E64/><V89/><F71/><W127/><G127/><T128/><D128/><U52/><E115/><V124/><F124/><W51/><G51/><T10/><D30/><U57/><E48/><V50/><REACH who="2" step="1"/><F91/><REACH who="2" ten="429,230,101,220" step="2"/><W66/><G66/><T87/><D79/><AGARI ba="2,2" hai="38,41,45,54,58,63,73,79,81,82,83,98,100,106" machi="79" ten="40,1300,0" yaku="1,1,53,0" doraHai="121" doraHaiUra="29" who="3" fromWho="0" sc="429,-19,230,0,101,0,220,39" /><INIT seed="1,0,0,2,3,85" ten="410,230,101,259" oya="1" hai0="31,64,17,38,94,67,59,63,65,61,117,11,39" hai1="54,127,121,29,79,83,124,78,34,12,7,20,47" hai2="103,60,58,27,52,96,0,70,62,112,134,106,84" hai3="13,37,75,1,128,46,130,5,129,28,91,40,97"/><U3/><E121/><V24/><F0/><W131/><N who="3" m="32768" /><DORA hai="25" /><W126/><G126/><N who="1" m="48170" /><E3/><V114/><F134/><W69/><G69/><T86/><D31/><U22/><E34/><V111/><F111/><W6/><G75/><T118/><D39/><U44/><E78/><V109/><F109/><W80/><G1/><T116/><D38/><U45/><E54/><V19/><F84/><N who="3" m="50567" /><G97/><T71/><D118/><U36/><E36/><V57/><F70/><W76/><G76/><T82/><D71/><U77/><E77/><V9/><F9/><N who="3" m="4271" /><G6/><T90/><D117/><U32/><E7/><V51/><F51/><W120/><G120/><T132/><D116/><U68/><E68/><V102/><F102/><W115/><G115/><T113/><D113/><N who="2" m="43626" /><F19/><W110/><G110/><T43/><D17/><U100/><E100/><V48/><F48/><W101/><G101/><T135/><D135/><U10/><E10/><V125/><F125/><W88/><G88/><T66/><D132/><U98/><E98/><V133/><F133/><W50/><G50/><T93/><D11/><U26/><E12/><V99/><F96/><W55/><G55/><AGARI ba="0,0" hai="24,27,52,55,57,58,60,62,99,103,106" m="43626" machi="55" ten="30,2000,0" yaku="11,1,54,1" doraHai="85,25" who="2" fromWho="3" sc="410,0,230,0,101,20,259,-20" /><INIT seed="2,0,0,4,1,6" ten="410,230,121,239" oya="2" hai0="12,8,107,15,76,113,97,82,9,126,48,127,94" hai1="7,27,84,128,67,125,99,73,100,58,49,47,133" hai2="87,53,33,109,92,104,32,131,95,52,64,36,71" hai3="83,35,124,60,54,121,13,103,120,10,43,75,122"/><V5/><F104/><W62/><G35/><T14/><D107/><U19/><E73/><V18/><F36/><W25/><G124/><N who="0" m="47659" /><D48/><U38/><E125/><V31/><F131/><W89/><G25/><T20/><D20/><U72/><E72/><V46/><F109/><W24/><G24/><T4/><D4/><U42/><E133/><V86/><F31/><W37/><G103/><N who="0" m="60855" /><D113/><U70/><E84/><AGARI ba="0,0" hai="8,9,12,14,15,76,82,84" m="60855,47659" machi="84" ten="30,3900,0" yaku="18,1,52,2" doraHai="6" who="0" fromWho="1" sc="410,39,230,-39,121,0,239,0" /><INIT seed="3,0,0,3,5,133" ten="449,191,121,239" oya="3" hai0="25,123,20,75,48,46,12,104,22,36,100,109,127" hai1="93,9,83,8,60,1,135,117,78,134,84,99,88" hai2="130,26,91,106,27,131,57,71,24,41,5,28,33" hai3="2,122,103,0,65,58,76,7,34,97,85,124,126"/><W86/><G34/><T16/><D123/><U110/><E110/><V98/><F41/><W107/><G122/><T3/><D3/><U56/><E117/><V13/><F71/><W51/><G7/><T31/><D75/><U55/><REACH who="1" step="1"/><E1/><REACH who="1" ten="449,181,121,239" step="2"/><V49/><F106/><W45/><G2/><T11/><D109/><U96/><E96/><V14/><F98/><W111/><G0/><T73/><D104/><U92/><E92/><V54/><F91/><W105/><G107/><T4/><D36/><U77/><E77/><V61/><F33/><W72/><G111/><T21/><D100/><U30/><E30/><V74/><F28/><W38/><G38/><T70/><D31/><U37/><E37/><V90/><F90/><W52/><G72/><T115/><D115/><U44/><E44/><N who="2" m="27943" /><F74/><W125/><G76/><T102/><D102/><U40/><E40/><V119/><F119/><W80/><G80/><T81/><D81/><U112/><E112/><V29/><F29/><W15/><G15/><T114/><D12/><U120/><E120/><V18/><F14/><W35/><G35/><T17/><D114/><U113/><E113/><V67/><F5/><W108/><G108/><T89/><D4/><U87/><E87/><V69/><F69/><W66/><G45/><T10/><D46/><U32/><E32/><V42/><F42/><W50/><G50/><T19/><D48/><U62/><E62/><V39/><F39/><W94/><G105/><T68/><D73/><U23/><E23/><V6/><F6/><W132/><G132/><AGARI ba="0,1" hai="8,9,55,56,60,78,83,84,88,93,99,132,134,135" machi="132" ten="40,8000,1" yaku="1,1,20,1,54,1,53,1" doraHai="133" doraHaiUra="59" who="1" fromWho="3" sc="449,0,181,90,121,0,239,-80" /><INIT seed="4,0,0,5,0,73" ten="449,271,121,159" oya="0" hai0="110,9,27,131,128,101,35,70,25,126,104,109,91" hai1="48,66,114,52,127,111,67,103,79,38,50,53,119" hai2="69,2,78,28,45,32,22,17,12,87,93,5,132" hai3="107,118,4,92,61,105,77,85,18,3,130,95,68"/><T108/><D70/><U99/><E111/><V76/><F69/><W74/><G118/><T135/><D91/><U56/><E38/><V14/><F132/><W37/><G37/><T31/><D101/><U13/><E127/><V15/><F2/><W33/><G33/><T24/><D104/><U133/><E133/><V86/><F32/><W75/><G18/><T115/><D135/><U80/><E114/><V39/><F28/><W90/><G61/><T47/><D47/><U117/><E13/><N who="2" m="9519" /><F39/><W121/><G4/><T1/><D126/><U102/><E119/><V57/><F5/><W64/><G64/><T58/><D58/><U124/><E124/><V123/><F123/><W43/><G43/><T125/><D125/><U6/><E6/><V55/><F45/><W81/><G3/><T51/><D51/><U63/><E63/><N who="2" m="36287" /><F93/><N who="3" m="35915" /><G68/><T20/><D115/><U129/><E117/><V98/><F98/><W7/><G7/><N who="0" m="1263" /><D35/><U30/><E99/><V54/><F54/><W112/><G112/><T10/><D10/><U44/><E66/><V34/><F34/><W113/><G113/><T42/><D42/><U60/><E67/><V65/><F65/><W83/><G121/><T89/><D89/><U62/><E102/><V46/><F46/><W122/><G122/><T134/><D134/><U120/><E103/><V116/><F116/><W72/><G130/><AGARI ba="0,0" hai="20,24,25,27,31,108,109,110,128,130,131" m="1263" machi="130" ten="40,12000,1" yaku="10,1,19,1,34,2" doraHai="73" who="0" fromWho="3" sc="449,120,271,0,121,0,159,-120" /><INIT seed="4,1,0,0,3,92" ten="569,271,121,39" oya="0" hai0="5,54,117,87,57,88,28,82,27,24,73,1,134" hai1="86,103,120,78,16,111,116,133,38,129,39,68,55" hai2="93,11,6,118,8,108,125,105,32,104,100,95,10" hai3="49,9,97,30,37,69,121,102,7,114,33,84,96"/><T115/><D117/><U127/><E120/><V26/><F108/><W107/><G37/><T34/><D115/><U83/><E111/><V36/><F36/><W130/><G121/><T35/><D134/><U94/><E68/><V66/><F66/><W23/><G69/><T126/><D126/><U76/><E127/><V56/><F125/><W31/><G114/><T124/><D73/><U52/><E129/><V106/><F118/><W74/><G74/><T19/><D124/><U110/><E110/><V89/><F56/><W51/><G130/><T41/><D41/><U20/><E133/><V98/><F26/><W42/><G33/><T135/><D135/><U63/><E39/><V48/><F48/><W25/><G42/><T99/><D99/><N who="3" m="37961" /><G107/><T43/><D43/><U132/><E38/><V4/><F32/><W71/><G102/><T67/><D1/><U47/><E103/><V70/><F70/><W58/><G71/><T61/><D35/><U113/><E113/><V80/><F93/><W2/><G58/><T109/><D57/><N who="1" m="35239" /><E94/><V123/><F123/><W91/><G30/><T18/><D28/><U29/><E29/><V128/><F128/><W131/><G131/><T59/><D34/><U65/><E116/><V81/><REACH who="2" step="1"/><F100/><REACH who="2" ten="569,271,111,39" step="2"/><W122/><G122/><T15/><D109/><U53/><E132/><V44/><F44/><W45/><G45/><T60/><D59/><U0/><E47/><V21/><F21/><W90/><G90/><T79/><D88/><U62/><E20/><V12/><F12/><W17/><G31/><T14/><D60/><U64/><E62/><RYUUKYOKU ba="1,1" sc="569,-15,271,-15,111,15,39,15" hai2="4,6,8,10,11,80,81,89,95,98,104,105,106" hai3="2,7,9,17,23,25,49,51,84,91" /><INIT seed="5,2,1,4,5,123" ten="554,256,126,54" oya="1" hai0="128,53,5,37,1,36,95,35,127,49,52,98,34" hai1="81,84,70,119,60,28,65,97,63,101,121,104,73" hai2="74,72,89,75,108,22,7,131,48,44,0,122,59" hai3="32,112,9,15,64,110,46,94,125,62,58,134,8"/><U13/><E121/><V24/><F122/><W93/><G32/><T76/><D76/><U31/><E119/><V55/><F131/><W90/><G110/><T17/><D53/><U135/><E135/><V29/><F89/><W132/><G125/><T3/><D36/><U92/><E13/><V87/><F87/><W105/><G105/><T2/><D37/><U43/><E43/><V25/><F25/><W126/><G126/><T115/><D5/><U61/><E61/><V39/><F7/><W85/><G112/><T86/><D127/><U80/><E63/><V41/><REACH who="2" step="1"/><F0/><REACH who="2" ten="554,256,116,54" step="2"/><W12/><G132/><T38/><D128/><U66/><E84/><V91/><F91/><W117/><G134/><T111/><D86/><U129/><E73/><V33/><F33/><W103/><G117/><T18/><D34/><U6/><E6/><V79/><F79/><W19/><G103/><T107/><D35/><U77/><E77/><V100/><F100/><W102/><G102/><T23/><D1/><U51/><E104/><V56/><F56/><W68/><G46/><T96/><D107/><U82/><E129/><V124/><F124/><W133/><G133/><T21/><D2/><U67/><E70/><V130/><F130/><W106/><G106/><T69/><D3/><U47/><E31/><V14/><F14/><W50/><G94/><T27/><D95/><U11/><E28/><V4/><F4/><N who="3" m="3079" /><G68/><T83/><D69/><U20/><E101/><V71/><F71/><W109/><G109/><AGARI ba="2,2" hai="22,24,29,39,41,44,48,55,59,72,74,75,108,109" machi="109" ten="40,8000,1" yaku="1,1,52,2,53,1" doraHai="123" doraHaiUra="42" who="2" fromWho="3" sc="554,0,256,0,116,106,54,-86" owari="554,65.0,256,6.0,222,-18.0,-32,-53.0" /></mjloggm>