<mjloggm ver="2.3"><GO type="169" lobby="0"/><UN n0="%62%69%67%6D%6F%75%74%68" n1="%E3%82%82%E3%82%8A%E3%81%9E%E3%83%BC%33%38" n2="%4E%49%4B%55%59%41" n3="%E7%82%8E%E3%81%AE%E3%83%88%E3%83%AC%E3%83%BC%E3%83%80%E3%83%BC" dan="17,16,18,16" rate="2180.00,2112.51,2300.11,2156.63" sx="M,M,M,M"/><TAIKYOKU oya="0"/><INIT seed="0,0,0,1,4,118" ten="250,250,250,250" oya="0" hai0="38,20,121,122,22,112,40,21,72,119,25,124,111" hai1="96,120,60,45,110,65,70,100,24,30,102,71,132" hai2="36,98,67,115,131,134,5,28,51,4,94,55,39" hai3="99,0,31,17,3,49,15,44,78,109,37,106,97"/><T79/><D119/><U76/><E110/><V33/><F115/><W64/><G37/><T53/><D112/><U89/><E132/><V57/><F134/><W43/><G109/><T108/><D53/><U88/><E70/><V123/><F131/><W16/><G31/><T34/><D79/><U82/><E45/><V74/><F74/><W8/><G78/><T29/><D72/><U46/><E46/><V93/><F123/><N who="0" m="47114" /><D40/><U84/><E120/><V2/><F94/><W13/><G64/><T117/><D38/><U95/><REACH who="1" step="1"/><E102/><REACH who="1" ten="250,240,250,250" step="2"/><V63/><F36/><W11/><G106/><T52/><D117/><U135/><E135/><V59/><F39/><W56/><REACH who="3" step="1"/><G56/><REACH who="3" ten="250,240,250,240" step="2"/><T18/><D124/><U105/><E105/><V68/><F59/><W41/><G41/><T113/><D113/><U54/><E54/><V75/><F57/><W91/><G91/><T7/><D52/><U129/><E129/><V32/><F55/><W14/><G14/><N who="0" m="9303" /><D111/><U127/><E127/><V26/><F68/><W73/><G73/><T81/><D108/><U125/><E125/><V107/><F75/><W85/><G85/><T35/><D81/><U77/><E77/><V48/><F107/><W69/><G69/><T87/><D87/><U83/><E83/><V66/><F66/><W58/><G58/><T101/><D101/><U103/><E103/><V50/><F67/><W114/><G114/><T1/><D35/><AGARI ba="0,2" hai="24,30,35,60,65,71,76,82,84,88,89,95,96,100" machi="35" ten="30,3900,0" yaku="1,1,7,1,54,1,53,0" doraHai="118" doraHaiUra="9" who="1" fromWho="0" sc="250,-39,240,59,250,0,240,0" /><INIT seed="1,0,0,1,2,45" ten="211,299,250,240" oya="1" hai0="41,51,20,115,14,125,29,96,100,21,124,39,121" hai1="55,128,126,38,13,25,2,73,80,108,70,87,19" hai2="117,34,109,78,15,59,81,22,69,118,116,86,92" hai3="49,103,57,53,97,91,48,71,37,72,8,94,110"/><U27/><E126/><N who="0" m="48745" /><D115/><U61/><E128/><V90/><F34/><W85/><G37/><T26/><D121/><U17/><E2/><V12/><F69/><W60/><G110/><T84/><D39/><U89/><E38/><V32/><F32/><W107/><G71/><T62/><D62/><U123/><E123/><V28/><F109/><W122/><G122/><T114/><D114/><U113/><E113/><V67/><F67/><W16/><REACH who="3" step="1"/><G72/><REACH who="3" ten="211,299,250,230" step="2"/><T47/><D84/><U30/><E73/><V3/><F116/><W134/><G134/><T54/><D41/><U101/><E108/><V65/><F117/><W5/><G5/><T77/><D77/><U99/><E70/><V7/><F118/><W74/><G74/><T93/><D14/><AGARI ba="0,1" hai="8,14,16,48,49,53,57,60,85,91,94,97,103,107" machi="14" ten="40,8000,1" yaku="1,1,52,2,54,1,53,0" doraHai="45" doraHaiUra="127" who="3" fromWho="0" sc="211,-80,299,0,250,0,230,90" /><INIT seed="2,0,0,4,1,28" ten="131,299,250,320" oya="2" hai0="51,37,35,2,6,84,26,134,39,93,120,95,45" hai1="126,60,96,116,100,33,122,110,89,42,56,9,117" hai2="8,73,0,101,3,103,15,75,14,111,31,70,4" hai3="74,43,41,87,71,125,108,49,12,132,81,10,115"/><V17/><F70/><W131/><G74/><T91/><D120/><U1/><E122/><V69/><F69/><W127/><G71/><T55/><D134/><U38/><E110/><V82/><F111/><W66/><G108/><T54/><D6/><U65/><E126/><N who="3" m="48138" /><G115/><T88/><D2/><U40/><E89/><V62/><F62/><W7/><G66/><T109/><D109/><U129/><E129/><V133/><F133/><W57/><G132/><T130/><D130/><U67/><E33/><V13/><F3/><W23/><G23/><T68/><D68/><U19/><E67/><V52/><F17/><W29/><G29/><T77/><D77/><U64/><E65/><V61/><F31/><W18/><G7/><T113/><D113/><U16/><E1/><V107/><F107/><W22/><G22/><T124/><D124/><U123/><E123/><V30/><F30/><W5/><G5/><T135/><D35/><U59/><E59/><V79/><REACH who="2" step="1"/><F73/><REACH who="2" ten="131,299,240,320" step="2"/><W106/><G106/><T118/><D135/><U119/><E19/><V99/><F99/><W92/><G131/><T83/><D118/><U90/><E16/><V48/><F48/><W80/><G18/><T121/><D121/><U46/><E9/><V98/><F98/><W36/><G10/><T24/><D39/><U72/><E72/><V86/><F86/><W78/><G36/><T105/><D105/><N who="1" m="63623" /><E90/><V97/><F97/><W112/><G87/><N who="0" m="52383" /><D37/><U25/><E25/><N who="0" m="9833" /><D83/><U53/><E38/><V21/><F21/><W85/><G80/><T32/><D32/><U58/><E119/><V76/><F76/><RYUUKYOKU ba="0,1" sc="131,15,299,-15,240,15,320,-15" hai0="45,51,54,55,84,91,95" hai2="0,4,8,13,14,15,52,61,75,79,82,101,103" /><INIT seed="2,1,1,4,3,98" ten="146,284,255,305" oya="2" hai0="44,35,87,119,8,88,25,79,120,9,91,15,47" hai1="22,17,70,105,61,129,101,28,60,42,127,80,50" hai2="20,102,118,74,117,62,6,85,34,2,73,41,128" hai3="38,63,100,90,76,10,66,121,124,43,31,94,4"/><V107/><F34/><W56/><G121/><T93/><D120/><U126/><E129/><V32/><F32/><W11/><G124/><N who="1" m="47658" /><E28/><V37/><F128/><W59/><G76/><T89/><D119/><U84/><E70/><V21/><F117/><W82/><G31/><T57/><D9/><U95/><E95/><V64/><F118/><W72/><G72/><T14/><D14/><N who="1" m="9527" /><E50/><V26/><F21/><W96/><G38/><T13/><D13/><U53/><E42/><V46/><F85/><N who="3" m="50487" /><G43/><T52/><D35/><U23/><E53/><V110/><F110/><W134/><G134/><T104/><D104/><U81/><E23/><V108/><F108/><W48/><G4/><N who="0" m="3463" /><D25/><U68/><E68/><V75/><F6/><W86/><G86/><T133/><D133/><U111/><E111/><V5/><F5/><W92/><G92/><T12/><D12/><U131/><E131/><V16/><F2/><W135/><G135/><T106/><D106/><U122/><E122/><V123/><F123/><W69/><G69/><T83/><D93/><U18/><E18/><V30/><F30/><W67/><G67/><T132/><D132/><U36/><E36/><V113/><F107/><W58/><G10/><T33/><D33/><U40/><E40/><V99/><F37/><W77/><G11/><T7/><D7/><U29/><E29/><V24/><F41/><W19/><G19/><T1/><D1/><U27/><E27/><V78/><F24/><W109/><G109/><T39/><D39/><U0/><E0/><V103/><F26/><W3/><G3/><T49/><AGARI ba="1,1" hai="44,47,49,52,57,79,83,87,88,89,91" m="3463" machi="49" ten="30,7900,0" yaku="5,1,8,1,54,2" doraHai="98" who="0" fromWho="0" sc="146,92,284,-21,255,-40,305,-21" /><INIT seed="3,0,0,5,0,111" ten="238,263,215,284" oya="3" hai0="127,58,60,130,88,82,96,56,116,124,2,114,128" hai1="52,69,53,20,46,62,44,123,104,16,19,29,38" hai2="39,47,31,102,17,99,94,133,101,22,78,4,10" hai3="21,11,50,57,122,40,41,107,64,95,7,49,105"/><W100/><G122/><T87/><D116/><U66/><E123/><V43/><F133/><W71/><G71/><T51/><D2/><U117/><E104/><V48/><F78/><W97/><G107/><T55/><D96/><U119/><E29/><V86/><F86/><W12/><G105/><T6/><D6/><U13/><E44/><V92/><F31/><W80/><G80/><T132/><D132/><U35/><E35/><V72/><F72/><W25/><G50/><T23/><D23/><U65/><E65/><V33/><F33/><W34/><G34/><T81/><D114/><U126/><E126/><N who="0" m="48169" /><D82/><U112/><E112/><V32/><F32/><W98/><G98/><T70/><D70/><U106/><E106/><V91/><F94/><W77/><G77/><T131/><D60/><U28/><E28/><V90/><F102/><W109/><G109/><T36/><D36/><U59/><E19/><V3/><REACH who="2" step="1"/><F39/><REACH who="2" ten="238,263,205,284" step="2"/><W24/><G95/><T125/><D125/><U118/><E69/><V45/><F45/><AGARI ba="0,1" hai="45,51,55,56,58,81,87,88,128,130,131" m="48169" machi="45" ten="40,5200,0" yaku="19,1,18,1,54,1" doraHai="111" who="0" fromWho="2" sc="238,62,263,0,205,-52,284,0" /><INIT seed="4,0,0,1,4,42" ten="300,263,153,284" oya="0" hai0="39,21,132,119,53,74,59,6,102,38,37,122,73" hai1="62,55,77,120,5,129,108,112,51,91,72,17,94" hai2="64,99,90,105,98,114,127,27,46,103,87,19,84" hai3="100,130,20,96,82,104,95,28,56,131,43,10,29"/><T67/><D122/><U110/><E120/><V0/><F0/><W65/><G104/><T30/><D119/><U24/><E129/><N who="3" m="49162" /><G10/><T34/><D132/><U83/><E5/><V69/><F114/><W1/><G1/><T35/><D67/><U23/><E112/><V50/><F127/><W52/><G65/><T125/><D125/><U134/><E134/><V18/><F99/><W4/><G4/><T61/><D6/><U48/><E48/><V26/><F64/><W16/><G43/><T76/><D102/><U22/><E22/><V44/><F69/><W93/><G93/><T111/><D111/><U31/><E31/><V70/><F70/><W40/><G40/><T118/><D118/><U128/><E128/><V106/><F106/><W60/><G82/><T13/><D76/><U63/><E63/><V36/><F36/><W75/><G75/><T57/><D13/><AGARI ba="0,0" hai="13,16,20,28,29,52,56,60,95,96,100" m="49162" machi="13" ten="30,3900,0" yaku="19,1,54,2" doraHai="42" who="3" fromWho="0" sc="300,-39,263,0,153,0,284,39" /><INIT seed="5,0,0,3,3,37" ten="261,263,153,323" oya="1" hai0="125,10,76,16,108,98,50,70,23,57,104,51,56" hai1="128,2,53,93,118,14,49,123,21,8,22,33,12" hai2="45,69,119,25,15,103,127,84,121,89,19,9,46" hai3="7,94,42,111,115,68,48,71,41,78,26,101,43"/><U62/><E118/><V61/><F121/><W65/><G111/><T75/><D108/><U110/><E110/><V91/><F119/><W1/><G78/><T32/><D32/><U87/><E123/><V31/><F127/><W126/><G126/><T59/><D125/><U29/><E128/><V130/><F130/><W55/><G65/><T40/><D70/><U27/><E62/><V113/><F103/><W77/><G77/><T3/><D75/><U97/><E87/><V90/><F84/><W39/><G39/><T44/><D76/><U72/><E2/><V28/><F113/><W13/><G1/><T83/><D83/><U106/><E106/><V67/><REACH who="2" step="1"/><F28/><REACH who="2" ten="261,263,143,323" step="2"/><W30/><G115/><T4/><D104/><U107/><E107/><V17/><F17/><W92/><G101/><T47/><D98/><U58/><E72/><V131/><F131/><W34/><G68/><T109/><D109/><U60/><E97/><V73/><F73/><W6/><G71/><T86/><D86/><U112/><E112/><V35/><AGARI ba="0,1" hai="9,15,19,25,31,35,45,46,61,67,69,89,90,91" machi="35" ten="30,2000,0" yaku="1,1,0,1,53,0" doraHai="37" doraHaiUra="18" who="2" fromWho="2" sc="261,-5,263,-10,143,30,323,-5" /><INIT seed="6,0,0,0,3,28" ten="256,253,173,318" oya="2" hai0="75,29,120,81,68,45,115,24,95,17,50,5,55" hai1="51,53,134,44,33,58,72,78,16,83,30,47,88" hai2="43,59,131,100,91,63,31,99,128,41,86,39,96" hai3="60,76,65,93,15,79,102,89,106,18,118,23,10"/><V4/><F4/><W61/><G118/><T25/><D120/><U126/><E134/><V73/><F73/><W105/><G105/><T54/><D68/><U40/><E126/><V135/><F135/><W92/><G106/><T103/><D115/><U9/><E44/><V56/><F31/><W87/><G61/><T36/><D36/><U22/><E9/><V111/><F111/><W66/><G66/><T121/><D121/><U109/><E109/><V20/><F20/><W124/><G124/><T21/><D5/><U64/><E64/><V122/><F122/><W42/><G42/><N who="2" m="15881" /><F39/><W6/><G93/><T35/><D55/><U69/><E69/><V38/><F38/><W114/><G102/><T48/><D48/><U127/><E127/><V85/><F100/><W84/><G84/><N who="2" m="32361" /><F91/><W34/><G34/><T13/><D25/><U70/><E70/><V52/><F59/><W0/><G114/><T90/><D103/><U1/><E1/><V97/><F128/><W133/><G133/><T82/><REACH who="0" step="1"/><D75/><REACH who="0" ten="246,253,173,318" step="2"/><U112/><E112/><V7/><F131/><W37/><G37/><T26/><D26/><N who="1" m="18647" /><E88/><V46/><F7/><W107/><G107/><T77/><D77/><U123/><E123/><V74/><F74/><W104/><G104/><T2/><D2/><U27/><E40/><V125/><F125/><W3/><G0/><T67/><D67/><U132/><E132/><V8/><F46/><W116/><G116/><T80/><D80/><U110/><E47/><V113/><F113/><W130/><G130/><T57/><D57/><AGARI ba="0,1" hai="3,6,10,15,18,23,57,60,65,76,79,87,89,92" machi="57" ten="30,1000,0" yaku="7,1" doraHai="28" who="3" fromWho="0" sc="246,-10,253,0,173,0,318,20" /><INIT seed="7,0,0,1,4,37" ten="236,253,173,338" oya="3" hai0="62,123,26,93,36,69,59,56,20,86,106,58,48" hai1="100,33,13,21,122,120,28,49,31,25,57,83,88" hai2="133,47,72,134,113,10,87,117,42,130,95,107,118" hai3="45,5,78,50,55,90,24,103,74,61,4,126,77"/><W124/><G103/><T2/><D123/><U112/><E112/><V131/><F10/><W91/><G24/><T38/><D2/><U94/><E100/><V65/><F65/><W66/><G90/><T135/><D106/><U32/><E83/><V9/><F9/><W30/><G91/><T53/><D135/><N who="2" m="51722" /><F47/><W0/><G30/><T104/><D104/><U110/><E110/><V115/><F107/><W71/><G74/><T92/><D86/><U46/><E57/><V84/><F72/><W121/><G121/><T44/><D93/><U70/><E70/><V119/><F42/><W125/><G0/><T52/><D92/><U14/><E122/><V16/><F16/><W105/><G105/><T40/><D20/><U76/><E76/><AGARI ba="0,0" hai="4,5,45,50,55,61,66,71,76,77,78,124,125,126" machi="76" ten="40,2000,0" yaku="18,1" doraHai="37" who="3" fromWho="1" sc="236,0,253,-20,173,0,338,20" owari="236,4.0,233,-17.0,173,-33.0,358,46.0" /></mjloggm>