<mjloggm ver="2.3"><GO type="169" lobby="0"/><UN n0="%E5%A4%8F%E6%81%8B%E8%8A%B1%E7%81%AB" n1="%E3%83%A2%E3%83%B3%E3%82%AD%E3%83%BC%E3%83%88%E3%83%AA%E3%83%83%E3%82%AF" n2="%E6%B5%81%E3%82%8C%EF%BC%9F%53%4F%41" n3="%EF%BC%8A%E7%B4%97%E5%BC%A5%E8%8F%AF%EF%BC%8A" dan="17,18,16,17" rate="2247.58,2187.42,2091.10,2155.26" sx="M,M,M,F"/><TAIKYOKU oya="0"/><INIT seed="0,0,0,2,3,52" ten="250,250,250,250" oya="0" hai0="110,63,62,17,116,57,13,50,129,132,67,42,51" hai1="41,39,64,15,80,1,28,113,77,69,56,59,72" hai2="90,35,106,133,96,84,119,126,2,122,127,6,91" hai3="123,61,60,74,9,44,124,25,134,73,93,23,27"/><T10/><D116/><U108/><E1/><V66/><F35/><W68/><G123/><T16/><D110/><U7/><E108/><V47/><F122/><W8/><G93/><T94/><D129/><U95/><E113/><V98/><F66/><W117/><G44/><T130/><D132/><U38/><E28/><V97/><F6/><W121/><G121/><T120/><D120/><U11/><E95/><N who="2" m="56439" /><F2/><W109/><G109/><T30/><D130/><U101/><E101/><N who="2" m="62767" /><F47/><W128/><G128/><T107/><D107/><U21/><E21/><V26/><F26/><W79/><G23/><T99/><D30/><U82/><E82/><N who="2" m="49559" /><F133/><W105/><G68/><T87/><D42/><U89/><E39/><V81/><F119/><W20/><G117/><T18/><D63/><U31/><E31/><V115/><F115/><W125/><G20/><T104/><D104/><U102/><E38/><V4/><F4/><W86/><G105/><T114/><D114/><U78/><E41/><V14/><F14/><W111/><G134/><T112/><D112/><U24/><E69/><V103/><F81/><W0/><G0/><T43/><D43/><U34/><E34/><V71/><F71/><W32/><G32/><T45/><D45/><U118/><E118/><V29/><F29/><W49/><G111/><T36/><D36/><U58/><E64/><V3/><F3/><W100/><G61/><T70/><D70/><U53/><E53/><V83/><F83/><W131/><G131/><T54/><D67/><U76/><E80/><V12/><F12/><W22/><G60/><T46/><D62/><RYUUKYOKU ba="0,0" sc="250,-10,250,-10,250,30,250,-10" hai2="98,103,126,127" /><INIT seed="1,1,0,3,0,114" ten="240,240,280,240" oya="1" hai0="26,120,52,50,91,32,41,68,7,9,87,37,98" hai1="75,33,106,6,70,95,71,58,51,128,64,56,72" hai2="35,113,16,25,12,101,133,65,36,28,69,111,79" hai3="130,48,43,74,132,59,85,18,135,23,66,93,22"/><U19/><E106/><V96/><F111/><W102/><G74/><T38/><D68/><U27/><E128/><V67/><F113/><W108/><G130/><T119/><D119/><U39/><E39/><V21/><F133/><N who="3" m="51275" /><G108/><T104/><D120/><U81/><E6/><V88/><F79/><W49/><G43/><T60/><D60/><U0/><E0/><V45/><F69/><W29/><G29/><T78/><D78/><U24/><E58/><V34/><F35/><W80/><G66/><T20/><D32/><U100/><E27/><V57/><F57/><W86/><G23/><T127/><D127/><U105/><E105/><V4/><F4/><W124/><G124/><T10/><D41/><U30/><E19/><V5/><F5/><W115/><G115/><T126/><D126/><U110/><E110/><V2/><F2/><W17/><G17/><T3/><D9/><U109/><E109/><V63/><F36/><W129/><G129/><T46/><D98/><U112/><E112/><V84/><F45/><W61/><G86/><T103/><D103/><U13/><E100/><V76/><F76/><N who="3" m="46215" /><G93/><T40/><D40/><U14/><E95/><V62/><F65/><N who="3" m="39103" /><G102/><T47/><D47/><U92/><E92/><N who="2" m="58503" /><F67/><W97/><G97/><T11/><D104/><U44/><E64/><V122/><F122/><W77/><G77/><T117/><D117/><U123/><E123/><V116/><F116/><W131/><G131/><T118/><D118/><U53/><E44/><V54/><F54/><W121/><G121/><T89/><D37/><U90/><E70/><V42/><F42/><RYUUKYOKU ba="1,0" sc="240,-15,240,-15,280,15,240,15" hai2="12,16,21,25,28,34,62,63,84,88" hai3="18,22,48,49" /><INIT seed="2,2,0,0,4,46" ten="225,225,295,255" oya="2" hai0="5,129,127,54,40,28,6,61,97,4,37,51,66" hai1="17,52,39,67,57,116,107,114,121,68,134,30,78" hai2="88,33,110,70,81,50,31,75,1,119,104,36,53" hai3="132,122,108,84,71,27,123,85,65,117,64,92,15"/><V94/><F119/><W102/><G117/><T90/><D129/><U100/><E116/><V22/><F36/><W25/><G71/><T131/><D131/><U9/><E114/><V47/><F104/><W48/><G108/><T112/><D112/><U7/><E121/><V86/><F1/><W29/><G132/><T3/><D127/><U26/><E134/><V87/><F70/><W111/><G111/><T109/><D109/><U79/><E39/><V118/><F110/><W14/><G92/><T63/><D28/><U91/><E17/><V96/><F33/><W128/><G29/><T69/><D63/><U126/><E126/><V133/><F133/><W103/><REACH who="3" step="1"/><G128/><REACH who="3" ten="225,225,295,245" step="2"/><T35/><D69/><U95/><E68/><V34/><F118/><W124/><G124/><T73/><D3/><U120/><E107/><V56/><F34/><W16/><G16/><T76/><D4/><U20/><E120/><V99/><F75/><W10/><G10/><T101/><D5/><U0/><E67/><V41/><F31/><W11/><G11/><T80/><D6/><U113/><E113/><V135/><F22/><W21/><G21/><T43/><D35/><U125/><E125/><V89/><F135/><W72/><G72/><T45/><D73/><U19/><E30/><V115/><F115/><W82/><G82/><T12/><D80/><U42/><E19/><V18/><F18/><W106/><G106/><T23/><D23/><U38/><E20/><V32/><F32/><W74/><G74/><T58/><D66/><U2/><E9/><V130/><F130/><W44/><G44/><RYUUKYOKU ba="2,1" sc="225,-15,225,-15,295,15,245,15" hai2="41,47,50,53,56,81,86,87,88,89,94,96,99" hai3="14,15,25,27,48,64,65,84,85,102,103,122,123" /><INIT seed="2,3,1,5,5,133" ten="210,210,310,260" oya="2" hai0="49,54,65,33,48,7,31,2,92,134,66,64,128" hai1="23,91,94,24,78,41,6,104,0,88,50,53,45" hai2="20,111,89,100,71,77,36,25,18,75,19,61,114" hai3="55,129,68,10,42,4,81,120,79,8,27,127,15"/><V118/><F114/><W106/><G120/><T69/><D134/><U63/><E104/><V124/><F118/><W34/><G106/><T58/><D128/><U57/><E78/><V82/><F36/><W21/><G129/><T85/><D69/><U131/><E131/><V47/><F100/><W80/><G34/><T96/><D2/><U132/><E132/><V59/><F71/><W38/><G68/><T108/><D108/><U37/><E6/><V70/><F70/><W12/><G55/><T32/><D7/><U9/><E9/><V35/><F35/><W95/><G95/><T60/><D32/><U22/><E0/><V74/><F47/><W28/><G79/><T109/><D109/><U103/><E37/><V67/><F111/><W123/><G123/><T5/><D5/><U119/><E119/><V51/><F51/><W122/><G122/><T115/><D115/><U105/><E105/><V46/><F46/><W62/><G62/><T16/><D85/><U112/><E112/><V44/><F44/><W117/><G42/><T130/><D130/><U29/><REACH who="1" step="1"/><E22/><REACH who="1" ten="210,200,310,260" step="2"/><V56/><F77/><W52/><G38/><T99/><D33/><U26/><E26/><V98/><F20/><W14/><G117/><T97/><D31/><U86/><E86/><V116/><F116/><W110/><G110/><T17/><D92/><U72/><E72/><V13/><F75/><W39/><G39/><T93/><D93/><U126/><E126/><V1/><F124/><W76/><G127/><T30/><D30/><U40/><E40/><V121/><F74/><W43/><G43/><RYUUKYOKU ba="3,2" sc="210,15,200,15,310,-15,260,-15" hai0="16,17,48,49,54,58,60,64,65,66,96,97,99" hai1="23,24,29,41,45,50,53,57,63,88,91,94,103" /><INIT seed="3,4,2,0,1,10" ten="225,215,295,245" oya="3" hai0="23,107,3,21,115,13,133,124,72,75,68,4,132" hai1="2,39,12,30,91,42,49,77,94,22,34,113,105" hai2="73,112,7,33,125,98,62,82,74,88,129,90,89" hai3="19,16,54,66,40,114,47,123,5,69,81,37,63"/><W6/><G123/><T36/><D36/><U48/><E105/><V8/><F112/><W103/><G114/><T130/><D68/><U92/><E113/><V104/><F33/><W117/><G117/><T53/><D107/><U25/><E2/><V102/><F129/><W128/><G128/><T35/><D130/><U127/><E77/><V41/><F125/><W26/><G103/><T55/><D35/><U134/><E127/><V18/><F18/><W84/><G54/><N who="0" m="20491" /><D124/><U43/><E134/><N who="0" m="51817" /><D115/><U121/><E121/><V32/><F32/><W131/><G131/><T64/><D64/><U38/><E38/><V85/><F62/><W14/><G26/><T79/><D79/><U100/><E39/><V80/><F41/><W58/><G19/><N who="0" m="10479" /><D23/><U67/><E67/><V17/><F17/><W119/><G69/><T65/><D65/><U24/><E34/><V9/><F9/><AGARI ba="4,2" hai="3,4,9,72,75" m="10479,51817,20491" machi="9" ten="30,2000,0" yaku="20,1,52,1" doraHai="10" who="0" fromWho="2" sc="225,52,215,0,295,-32,245,0" /><INIT seed="4,0,0,4,2,13" ten="277,215,263,245" oya="0" hai0="67,99,113,73,88,3,49,7,128,18,98,93,21" hai1="64,121,70,94,61,81,17,0,6,46,68,52,107" hai2="28,120,31,30,26,41,1,85,23,101,69,24,9" hai3="2,95,44,10,12,57,14,79,125,22,92,106,56"/><T131/><D73/><U75/><E121/><V91/><F69/><W78/><G106/><T80/><D113/><U65/><E107/><V60/><F120/><W111/><G2/><T104/><D67/><U59/><E0/><V116/><F116/><W62/><G111/><T119/><D119/><U38/><E6/><V34/><F41/><W54/><G125/><T110/><D110/><U105/><E105/><V108/><F108/><W71/><G71/><T8/><D49/><U115/><E115/><V29/><F101/><W135/><G135/><T66/><D66/><U25/><E75/><V40/><F40/><W123/><G44/><T127/><D127/><U45/><E94/><V82/><REACH who="2" step="1"/><F60/><REACH who="2" ten="277,215,253,245" step="2"/><W132/><G123/><T130/><D104/><U86/><E38/><V87/><F87/><W48/><G132/><T27/><D80/><U100/><E68/><V117/><F117/><W133/><G133/><T39/><D39/><U32/><E70/><V118/><F118/><W103/><G103/><T124/><D124/><U4/><E100/><V20/><F20/><W90/><G22/><T77/><D77/><N who="1" m="46383" /><E32/><V43/><F43/><W19/><G79/><T53/><D53/><U122/><E122/><V89/><F89/><W11/><G78/><T84/><AGARI ba="0,1" hai="3,7,8,18,21,27,84,88,93,98,99,128,130,131" machi="84" ten="30,11700,0" yaku="0,1,19,1,52,1,54,1" doraHai="13" who="0" fromWho="0" sc="277,127,215,-39,253,-39,245,-39" /><INIT seed="4,1,0,0,3,35" ten="404,176,214,206" oya="0" hai0="16,105,30,15,98,113,131,19,132,117,24,75,37" hai1="77,36,83,89,23,91,44,68,0,121,14,96,110" hai2="99,57,129,39,55,82,90,80,31,67,28,127,4" hai3="60,116,40,13,128,59,87,48,78,86,101,120,107"/><T42/><D117/><U81/><E121/><V47/><F129/><W79/><G116/><T123/><D123/><U25/><E68/><V92/><F127/><W108/><G120/><T5/><D131/><U7/><E110/><V100/><F4/><W6/><G107/><T134/><D113/><U20/><E36/><V32/><F32/><W69/><G69/><T41/><D75/><U63/><E63/><N who="2" m="38383" /><F39/><W115/><G101/><N who="0" m="62647" /><D5/><U103/><E0/><V9/><F9/><N who="3" m="4279" /><G108/><T8/><D37/><U133/><E133/><N who="0" m="51305" /><D19/><U1/><E1/><V51/><F100/><W65/><G115/><T111/><D111/><U18/><E7/><V112/><F112/><W119/><G119/><T73/><D73/><U97/><E103/><V66/><F66/><W12/><G128/><T84/><D84/><N who="3" m="32297" /><G12/><T52/><D30/><AGARI ba="1,0" hai="28,30,31,47,51,55,80,82,90,92,99" m="38383" machi="30" ten="30,1000,0" yaku="8,1" doraHai="35" who="2" fromWho="0" sc="404,-13,176,0,214,13,206,0" /><INIT seed="5,0,0,3,4,98" ten="391,176,227,206" oya="1" hai0="30,61,88,72,48,116,29,43,39,105,7,59,107" hai1="135,68,84,37,66,58,118,125,36,12,89,91,47" hai2="23,56,112,131,21,49,64,95,18,3,96,115,81" hai3="55,92,5,60,123,78,6,71,106,111,13,35,120"/><U51/><E118/><V20/><F3/><W46/><G106/><T90/><D116/><U34/><E34/><V132/><F132/><W0/><G35/><T114/><D72/><U15/><E135/><V44/><F131/><W126/><G0/><T24/><D39/><U26/><E68/><V102/><F81/><W54/><G111/><T128/><D128/><U16/><E125/><V108/><F108/><W70/><G78/><T113/><D7/><U32/><E32/><V22/><F64/><W27/><G27/><T41/><D48/><U52/><E91/><V4/><F4/><W14/><G92/><T82/><D82/><U73/><E73/><V1/><F1/><W104/><G104/><T85/><D85/><U9/><E26/><V31/><F56/><W121/><G60/><T74/><D74/><U40/><E15/><N who="3" m="5642" /><G46/><T87/><D87/><U94/><REACH who="1" step="1"/><E66/><REACH who="1" ten="391,166,227,206" step="2"/><V76/><F31/><W100/><G126/><T119/><D24/><U101/><E101/><V97/><F102/><W86/><G100/><T2/><D119/><U134/><E134/><V110/><F110/><W19/><G71/><T25/><D25/><U103/><E103/><V122/><F122/><W77/><G70/><T42/><D30/><U11/><E11/><V62/><F112/><W69/><G69/><T65/><D29/><U53/><E53/><V130/><F115/><N who="0" m="44042" /><D2/><U93/><E93/><V99/><F95/><W83/><G55/><T80/><D90/><U109/><E109/><V127/><F127/><W57/><G54/><T133/><D133/><U129/><E129/><V38/><F130/><RYUUKYOKU ba="0,1" sc="391,15,166,15,227,-15,206,-15" hai0="41,42,43,59,61,65,80,88,105,107" hai1="9,12,16,36,37,40,47,51,52,58,84,89,94" /><INIT seed="5,1,1,0,2,65" ten="406,181,212,191" oya="1" hai0="70,12,128,64,45,85,24,38,91,15,113,112,63" hai1="101,99,29,87,20,42,72,26,47,4,25,110,49" hai2="107,129,114,58,5,27,39,117,43,9,3,74,100" hai3="133,93,21,46,17,14,82,2,13,51,121,103,124"/><U96/><E72/><V36/><F117/><W98/><G121/><T22/><D128/><U44/><E110/><V55/><F129/><W71/><G2/><T76/><D76/><U57/><E4/><V123/><F123/><W88/><G133/><T118/><D118/><U125/><E125/><V66/><F66/><W97/><G124/><T104/><D104/><U119/><E119/><V28/><F74/><W41/><G71/><T6/><D45/><U79/><E44/><V120/><F120/><W90/><G90/><T80/><D38/><U73/><E73/><V61/><F43/><W60/><G60/><T127/><D127/><U83/><E101/><V94/><F107/><W86/><REACH who="3" step="1"/><G98/><REACH who="3" ten="406,181,212,181" step="2"/><T18/><D113/><U8/><E8/><V69/><F69/><W37/><G37/><T131/><D112/><U105/><E105/><V77/><F114/><W111/><G111/><T1/><D131/><U10/><E10/><V132/><F132/><W11/><G11/><N who="0" m="4215" /><D1/><U75/><E75/><V102/><F77/><W135/><G135/><T30/><D70/><U68/><E68/><V84/><F36/><W130/><G130/><T50/><D63/><U19/><REACH who="1" step="1"/><E57/><REACH who="1" ten="406,171,212,181" step="2"/><V0/><F0/><W62/><G62/><T81/><D64/><U48/><E48/><V134/><F134/><W95/><G95/><N who="0" m="54767" /><D50/><U23/><AGARI ba="1,3" hai="19,20,23,25,26,29,42,47,49,79,83,87,96,99" machi="23" ten="20,7800,0" yaku="1,1,0,1,7,1,8,1,53,0" doraHai="65" doraHaiUra="116" who="1" fromWho="1" sc="406,-27,171,111,212,-27,181,-27" /><INIT seed="5,2,0,1,4,33" ten="379,282,185,154" oya="1" hai0="58,134,21,39,101,93,117,79,3,23,68,45,77" hai1="26,57,41,121,105,35,120,49,109,73,103,27,78" hai2="81,74,90,111,82,47,71,100,80,4,61,118,31" hai3="8,0,116,63,30,65,18,75,124,28,56,88,96"/><U24/><E35/><V115/><F118/><W38/><G116/><T92/><D117/><U113/><E109/><V46/><F111/><W53/><G75/><T83/><D68/><U59/><E113/><V112/><F31/><W62/><G38/><T97/><D134/><U106/><E103/><V99/><F4/><W22/><G124/><T130/><D130/><U16/><E73/><V86/><F46/><W7/><G96/><T9/><D58/><U55/><E78/><N who="2" m="44119" /><F61/><W19/><G88/><T84/><D77/><U72/><E72/><V42/><F47/><W122/><G122/><T17/><D92/><U66/><E41/><V125/><F42/><W50/><G63/><T29/><D29/><U64/><E27/><V108/><F71/><W43/><G43/><T36/><D45/><U114/><E114/><N who="2" m="43563" /><F108/><W34/><G34/><T127/><D127/><U25/><E25/><V54/><F54/><W14/><REACH who="3" step="1"/><G18/><REACH who="3" ten="379,282,185,144" step="2"/><T87/><D36/><U6/><E16/><V44/><F125/><W10/><G10/><T12/><D39/><U135/><E120/><V67/><F67/><W32/><G32/><T76/><D9/><U123/><E123/><V104/><F44/><AGARI ba="2,1" hai="0,7,8,14,19,22,28,30,44,50,53,56,62,65" machi="44" ten="30,3900,0" yaku="1,1,7,1,52,1,53,0" doraHai="33" doraHaiUra="94" who="3" fromWho="2" sc="379,0,282,0,185,-45,144,55" /><INIT seed="6,0,0,2,5,88" ten="379,282,140,199" oya="2" hai0="94,99,102,68,105,98,65,24,38,80,72,117,45" hai1="27,124,92,14,33,120,110,133,5,125,97,75,130" hai2="121,34,64,12,22,25,106,15,4,26,42,50,126" hai3="115,69,8,61,109,35,131,30,122,129,55,70,77"/><V28/><F106/><W78/><G8/><T90/><D117/><U112/><E75/><V41/><F121/><W134/><G122/><T9/><D9/><N who="1" m="4399" /><E120/><V100/><F126/><N who="1" m="48745" /><E110/><V101/><F64/><W36/><G109/><T6/><D6/><U11/><E112/><V119/><F119/><W57/><G115/><T1/><D1/><U123/><E123/><V103/><F4/><W16/><G36/><T81/><D24/><U111/><E111/><V66/><F66/><W46/><G46/><T63/><D72/><U128/><E11/><V73/><F73/><W132/><G30/><T71/><D71/><N who="3" m="27145" /><G35/><T135/><D135/><N who="3" m="51753" /><G16/><T91/><D91/><N who="1" m="55455" /><E133/><V10/><F10/><W17/><G17/><T76/><D38/><U82/><E82/><V53/><F25/><W52/><G55/><T29/><D81/><U13/><E13/><N who="2" m="5195" /><F34/><W127/><G127/><T43/><D80/><U60/><E60/><V23/><F22/><W118/><G118/><T62/><D63/><U113/><E113/><V67/><F67/><W49/><G61/><T0/><D62/><U3/><E3/><V56/><AGARI ba="0,0" hai="23,26,28,41,42,50,53,56,100,101,103" m="5195" machi="56" ten="30,1500,0" yaku="8,1" doraHai="88" who="2" fromWho="2" sc="379,-5,282,-5,140,15,199,-5" /><INIT seed="6,1,0,0,5,29" ten="374,277,155,194" oya="2" hai0="111,108,78,129,99,57,14,127,134,102,79,35,133" hai1="97,0,49,116,75,66,114,59,61,105,112,130,28" hai2="11,100,52,45,82,33,25,26,37,104,21,3,70" hai3="60,39,62,17,103,96,88,27,80,117,87,73,5"/><V53/><F70/><W124/><G117/><T93/><D129/><U44/><E75/><V54/><F104/><W24/><G39/><T135/><D35/><U48/><E0/><V95/><F82/><W86/><G124/><T12/><D57/><U55/><E28/><V13/><F3/><W69/><G73/><T4/><D127/><U90/><E116/><V42/><F21/><W128/><G128/><T121/><D4/><U65/><E105/><V32/><F95/><W123/><G123/><T85/><D121/><U47/><E90/><V30/><F100/><W50/><G5/><T84/><D12/><U113/><E97/><V119/><F119/><W16/><G69/><T131/><D14/><U36/><E36/><V38/><F38/><W41/><G87/><N who="0" m="33355" /><D131/><U6/><E6/><V34/><REACH who="2" step="1"/><F30/><REACH who="2" ten="374,277,145,194" step="2"/><W64/><G103/><T18/><D135/><U15/><E130/><V51/><F51/><W67/><G50/><T110/><D134/><U94/><E94/><V122/><F122/><W31/><G31/><T2/><D133/><U43/><REACH who="1" step="1"/><E15/><REACH who="1" ten="374,267,145,194" step="2"/><V83/><F83/><W120/><G120/><T89/><D2/><U71/><E71/><V76/><F76/><W7/><G80/><T46/><D78/><U8/><E8/><V63/><F63/><W92/><G62/><T23/><D79/><U9/><E9/><V91/><F91/><W109/><G60/><T1/><D1/><U72/><E72/><V98/><F98/><W118/><G96/><T74/><D74/><U10/><E10/><V132/><F132/><W125/><G118/><T68/><D99/><RYUUKYOKU ba="1,2" sc="374,-15,267,15,145,15,194,-15" hai1="43,44,47,48,49,55,59,61,65,66,112,113,114" hai2="11,13,25,26,32,33,34,37,42,45,52,53,54" /><INIT seed="6,2,2,4,2,107" ten="359,282,160,179" oya="2" hai0="79,131,17,78,98,134,19,84,76,37,69,108,113" hai1="22,114,25,102,32,77,65,51,5,127,104,129,116" hai2="70,83,82,115,117,48,56,64,123,60,97,11,88" hai3="36,2,53,81,118,14,8,92,7,96,99,109,31"/><V74/><F117/><W101/><G118/><T80/><D108/><U16/><E116/><V121/><F115/><W28/><G109/><T23/><D37/><U73/><E129/><V93/><F11/><W111/><G111/><T66/><D131/><U125/><E32/><V41/><F41/><W122/><G36/><T44/><D134/><U120/><E120/><V90/><F90/><W100/><G122/><T12/><D113/><U95/><E104/><V105/><F82/><W46/><G2/><T27/><D44/><U38/><E38/><V3/><F3/><W50/><REACH who="3" step="1"/><G81/><REACH who="3" ten="359,282,160,169" step="2"/><T45/><D80/><N who="1" m="45103" /><E114/><V59/><F121/><W4/><G4/><T61/><D79/><U0/><E5/><V89/><F123/><W126/><G126/><T85/><D78/><U94/><E0/><V34/><F34/><W40/><G40/><T135/><D76/><U39/><E39/><V49/><F83/><W67/><G67/><T71/><D66/><U86/><E65/><V21/><F64/><W58/><G58/><T1/><D71/><U55/><E125/><V47/><F70/><W26/><G26/><T103/><D27/><U20/><E127/><V132/><F56/><W72/><G72/><T33/><D69/><U15/><E25/><V18/><F74/><W54/><G54/><T106/><D1/><U130/><E55/><V87/><F59/><W30/><G30/><T29/><D29/><U119/><E119/><V112/><F112/><W128/><G128/><T35/><D45/><U62/><E130/><V91/><F47/><W24/><G24/><T9/><D12/><RYUUKYOKU ba="2,3" sc="359,-10,282,-10,160,-10,169,30" hai3="7,8,14,28,31,46,50,53,92,96,99,100,101" /><INIT seed="7,3,3,2,3,25" ten="349,272,150,199" oya="3" hai0="38,54,16,127,82,29,83,59,114,33,81,55,8" hai1="132,6,35,1,84,117,31,60,45,90,39,2,41" hai2="63,108,42,65,92,10,46,67,27,75,36,5,87" hai3="21,79,47,105,15,34,95,73,53,66,64,100,49"/><W110/><G34/><T98/><D38/><U97/><E132/><V91/><F108/><W13/><G105/><T128/><D128/><U133/><E133/><V3/><F63/><W122/><G122/><T101/><D127/><U61/><E117/><V125/><F125/><W126/><G126/><T20/><D114/><U129/><E129/><V18/><F75/><W70/><G110/><T57/><D8/><U94/><E6/><V43/><F43/><W56/><G70/><T124/><D29/><U26/><E60/><V7/><F7/><W51/><G79/><T93/><D33/><U30/><E30/><V78/><F78/><W50/><G73/><T88/><D101/><U0/><REACH who="1" step="1"/><E61/><REACH who="1" ten="349,262,150,199" step="2"/><V9/><F9/><W74/><G74/><T24/><D124/><U123/><E123/><V119/><REACH who="2" step="1"/><F119/><REACH who="2" ten="349,262,140,199" step="2"/><W131/><G131/><T121/><D121/><U68/><E68/><V28/><F28/><W104/><G66/><T111/><D111/><U113/><E113/><V103/><F103/><W58/><G64/><T99/><D99/><AGARI ba="3,5" hai="0,1,2,26,31,35,39,41,45,84,90,94,97,99" machi="99" ten="40,2600,0" yaku="1,1,52,1,53,0" doraHai="25" doraHaiUra="112" who="1" fromWho="0" sc="349,-35,262,85,140,0,199,0" owari="314,11.0,347,45.0,140,-36.0,199,-20.0" /></mjloggm>