<mjloggm ver="2.3"><GO type="169" lobby="0"/><UN n0="%73%61%6E%64%69%72%69%73" n1="%E3%83%92%E3%83%A8%E3%83%83%E3%81%B4%E3%83%BC%E2%88%9E" n2="%E3%83%AA%E3%83%83%E3%83%97%E3%83%AB%E3%83%A9%E3%83%83%E3%83%97%E3%83%AB" n3="%47%48%4F%53%54" dan="17,16,16,18" rate="2228.15,2060.61,2043.35,2242.30" sx="M,M,M,M"/><TAIKYOKU oya="0"/><INIT seed="0,0,0,4,4,38" ten="250,250,250,250" oya="0" hai0="103,34,135,87,91,24,64,48,95,96,52,97,27" hai1="40,18,117,25,126,67,50,54,105,0,113,122,109" hai2="89,17,23,112,110,129,73,79,70,4,45,29,104" hai3="8,116,10,21,62,61,115,100,22,11,60,101,85"/><T49/><D135/><U46/><E0/><V83/><F112/><W102/><G115/><T41/><D64/><U131/><E105/><V90/><F110/><W81/><REACH who="3" step="1"/><G116/><REACH who="3" ten="250,250,250,240" step="2"/><T16/><D34/><U6/><E117/><V75/><F129/><W2/><G2/><T107/><D97/><U99/><E99/><V30/><F73/><W86/><G86/><T42/><D49/><U111/><E50/><V125/><F75/><W127/><G127/><T15/><D27/><U76/><E25/><V124/><F125/><W72/><G72/><T19/><D24/><U134/><E131/><V66/><F124/><W108/><G108/><T9/><REACH who="0" step="1"/><D19/><REACH who="0" ten="240,250,250,240" step="2"/><U84/><E18/><V77/><F17/><W51/><G51/><T114/><D114/><U56/><E113/><V26/><F26/><W92/><G92/><T31/><D31/><U1/><E126/><V118/><F29/><W82/><G82/><T59/><AGARI ba="0,2" hai="9,15,16,41,42,48,52,59,87,91,95,96,103,107" machi="59" ten="20,18000,2" yaku="1,1,0,1,7,1,52,2,54,2,53,0" doraHai="38" doraHaiUra="74" who="0" fromWho="0" sc="240,200,250,-60,250,-60,240,-60" /><INIT seed="0,1,0,5,5,43" ten="440,190,190,180" oya="0" hai0="51,21,95,41,7,49,12,130,120,88,81,14,6" hai1="105,46,25,124,96,10,84,13,101,9,104,119,44" hai2="28,61,99,98,78,31,3,133,90,82,112,86,24" hai3="66,72,22,131,100,68,97,62,40,32,115,27,0"/><T135/><D120/><U42/><E119/><V129/><F112/><W8/><G131/><T77/><D130/><U35/><E105/><V85/><F3/><W71/><G115/><T118/><D135/><U108/><E42/><V4/><F133/><W79/><G40/><T34/><D34/><U91/><E108/><V92/><F129/><W39/><G39/><T128/><D118/><U33/><E10/><V134/><F4/><W126/><G126/><T53/><D128/><U26/><E26/><V74/><F134/><W114/><G114/><T63/><D63/><U103/><E103/><V23/><F31/><W69/><G22/><T58/><D81/><U50/><E50/><V125/><F125/><W121/><G121/><T117/><D77/><U93/><E124/><V102/><F61/><W127/><G127/><T132/><D117/><U76/><E76/><V122/><F122/><W65/><G65/><T47/><D132/><U106/><E106/><AGARI ba="1,0" hai="23,24,28,74,78,82,85,86,90,92,98,99,102,106" machi="106" ten="30,1000,0" yaku="7,1" doraHai="43" who="2" fromWho="1" sc="440,0,190,-13,190,13,180,0" /><INIT seed="1,0,0,0,2,59" ten="440,177,203,180" oya="1" hai0="3,121,104,72,0,63,44,116,114,6,15,50,16" hai1="31,135,19,29,81,5,92,94,25,132,67,73,45" hai2="113,87,77,75,110,107,12,128,123,131,109,133,134" hai3="40,48,58,115,18,118,35,130,96,129,14,24,64"/><U47/><E5/><V46/><F123/><W90/><G115/><T55/><D114/><U36/><E19/><V34/><F34/><W28/><G118/><T100/><D116/><U7/><E7/><V52/><F75/><W89/><G40/><T61/><D72/><U49/><E67/><V38/><F107/><W122/><G122/><T80/><D121/><U71/><E71/><V82/><F113/><W127/><G127/><T108/><D108/><N who="2" m="41578" /><F38/><W126/><G126/><T65/><D104/><U32/><E36/><V33/><F33/><W11/><G96/><T13/><D100/><U42/><E31/><V56/><F46/><W76/><G76/><T10/><D80/><U21/><E47/><V51/><F12/><W85/><G48/><T74/><D74/><U125/><E32/><V8/><F8/><W2/><G2/><T54/><D54/><U84/><E73/><V70/><F70/><W105/><G105/><T91/><D91/><U68/><E68/><V124/><F124/><W93/><REACH who="3" step="1"/><G90/><REACH who="3" ten="440,177,203,170" step="2"/><T102/><D0/><U22/><E125/><V62/><F51/><W95/><G95/><T111/><D3/><U103/><E103/><V69/><F69/><W9/><G9/><N who="0" m="6255" /><D111/><U79/><REACH who="1" step="1"/><E21/><REACH who="1" ten="440,167,203,170" step="2"/><V120/><F120/><W112/><G112/><T26/><D102/><U97/><E97/><V4/><F4/><W41/><G41/><T23/><D65/><U37/><E37/><V66/><F66/><W98/><G98/><T60/><D23/><U117/><E117/><V101/><F101/><W30/><G30/><T57/><D44/><U17/><E17/><RYUUKYOKU ba="0,2" sc="440,0,167,0,203,0,170,0" hai0="6,10,13,26,50,55,57,60,61,63" hai1="22,25,29,42,45,49,79,81,84,92,94,132,135" hai2="52,56,62,77,82,87,128,131,133,134" hai3="11,14,18,24,28,35,58,64,85,89,93,129,130" /><INIT seed="1,1,2,2,1,77" ten="440,167,203,170" oya="1" hai0="71,118,5,35,79,93,62,58,32,23,73,6,135" hai1="55,127,41,56,48,90,116,76,52,43,114,109,46" hai2="10,122,126,66,103,38,12,134,19,68,51,117,70" hai3="7,128,87,84,132,57,18,125,108,130,115,33,40"/><U1/><E1/><V61/><F117/><W121/><G115/><T101/><D118/><U120/><E116/><V65/><F122/><W60/><G121/><T80/><D71/><U74/><E120/><V21/><F38/><W69/><G69/><T81/><D35/><U107/><E107/><V42/><F126/><W29/><G125/><T13/><D32/><U83/><E114/><V26/><F134/><W89/><G132/><T14/><D135/><U9/><E127/><V8/><F103/><W92/><G108/><T133/><D133/><U123/><E123/><V31/><F51/><W104/><G104/><T111/><D111/><U99/><E109/><V85/><F42/><W44/><G7/><T24/><D5/><U102/><E9/><V98/><F98/><W2/><G2/><T16/><D6/><U17/><E17/><V15/><F85/><W96/><G18/><T94/><D81/><U54/><E54/><V39/><F39/><W25/><G130/><T45/><D45/><U63/><REACH who="1" step="1"/><E102/><REACH who="1" ten="440,157,203,170" step="2"/><V113/><F113/><W129/><G128/><T37/><D101/><U105/><E105/><V11/><F19/><W75/><G129/><T0/><D0/><U88/><E88/><V106/><F106/><W64/><REACH who="3" step="1"/><G75/><REACH who="3" ten="440,157,203,160" step="2"/><T34/><D73/><U4/><E4/><V91/><F91/><W50/><AGARI ba="1,4" hai="25,29,33,40,44,50,57,60,64,84,87,89,92,96" machi="50" ten="20,8000,1" yaku="1,1,2,1,0,1,7,1,53,1" doraHai="77" doraHaiUra="59" who="3" fromWho="3" sc="440,-21,157,-41,203,-21,160,123" /><INIT seed="2,0,0,4,3,13" ten="419,116,182,283" oya="2" hai0="90,9,34,54,66,55,14,24,134,78,126,77,3" hai1="30,115,92,94,4,25,46,110,74,83,79,8,123" hai2="89,1,99,125,97,29,119,57,102,96,104,52,41" hai3="6,23,26,12,72,112,44,36,62,64,53,103,70"/><V111/><F119/><W68/><G112/><T106/><D3/><U81/><E110/><V28/><F1/><W124/><G124/><T38/><D38/><U135/><E135/><V51/><F125/><W133/><G133/><T17/><D134/><U107/><E107/><V33/><F111/><W58/><G72/><T45/><D106/><U39/><E83/><V49/><F89/><W35/><G35/><T118/><D126/><U132/><E132/><V80/><F80/><W65/><G103/><T85/><D66/><U109/><E109/><V120/><F120/><W127/><G127/><T63/><D118/><U0/><E123/><V56/><F33/><W22/><G65/><T11/><D11/><U18/><E115/><V32/><F32/><W50/><G36/><T116/><D116/><U31/><E18/><V114/><F114/><W15/><G6/><T37/><D24/><U113/><E113/><V20/><F41/><W121/><G121/><T47/><D37/><U48/><E48/><V86/><F102/><W122/><G122/><T21/><D34/><U60/><E60/><V67/><F104/><W73/><G73/><T87/><D90/><U42/><REACH who="1" step="1"/><E25/><REACH who="1" ten="419,106,182,283" step="2"/><N who="2" m="16423" /><F29/><AGARI ba="0,1" hai="0,4,8,29,30,31,39,42,46,74,79,81,92,94" machi="29" ten="40,5200,0" yaku="1,1,25,2,53,0" doraHai="13" doraHaiUra="129" who="1" fromWho="2" sc="419,0,106,62,182,-52,283,0" /><INIT seed="3,0,0,3,2,13" ten="419,168,130,283" oya="3" hai0="47,125,37,18,111,78,96,129,15,63,54,94,27" hai1="113,6,107,33,8,106,59,104,35,31,109,7,128" hai2="101,126,80,85,25,53,40,122,69,51,82,73,66" hai3="14,22,17,12,131,61,50,118,76,88,65,38,34"/><W2/><G118/><T64/><D111/><U99/><E113/><V127/><F122/><W29/><G38/><T103/><D129/><U68/><E109/><V24/><F40/><W70/><G131/><T26/><D125/><N who="2" m="47626" /><F101/><W81/><G2/><T130/><D78/><U123/><E123/><V120/><F120/><W3/><G3/><T100/><D100/><U16/><E68/><V32/><F73/><W133/><G133/><T19/><D130/><U71/><E71/><V135/><F135/><W11/><G34/><T45/><D45/><U48/><E99/><V132/><F82/><W30/><G50/><N who="0" m="29023" /><D15/><U102/><E102/><V4/><F32/><W56/><G70/><T55/><D64/><U5/><E31/><V119/><F66/><W43/><G43/><T95/><D95/><U91/><E91/><N who="2" m="51623" /><F69/><W57/><G57/><N who="0" m="35263" /><D37/><U75/><E75/><V77/><F77/><W9/><G22/><T83/><D83/><U58/><E35/><V92/><F92/><W20/><G20/><T110/><D110/><U112/><E33/><V62/><F119/><W21/><G21/><T23/><D27/><U0/><E112/><V87/><F24/><W97/><G76/><T44/><D44/><U89/><E89/><V46/><F25/><W74/><G74/><T79/><D79/><U121/><E121/><V98/><F132/><W108/><G108/><T52/><D52/><N who="1" m="32007" /><E59/><V86/><F46/><W42/><G42/><T117/><D117/><U36/><E36/><V41/><F41/><W84/><G97/><T60/><D60/><U134/><E134/><V115/><F98/><RYUUKYOKU ba="0,0" sc="419,15,168,-15,130,-15,283,15" hai0="18,19,23,26,94,96,103" hai3="9,11,12,14,17,29,30,56,61,65,81,84,88" /><INIT seed="3,1,0,2,0,23" ten="434,153,115,298" oya="3" hai0="20,33,123,81,93,3,83,126,114,63,56,5,2" hai1="107,129,65,98,9,69,127,80,74,19,100,130,47" hai2="118,62,84,54,111,90,44,64,40,48,30,132,115" hai3="135,99,35,110,96,18,61,55,1,94,124,87,51"/><W49/><G1/><T120/><D33/><U70/><E47/><V6/><F111/><W59/><G110/><T78/><D126/><U106/><E106/><V105/><F132/><W46/><G135/><T15/><D114/><U91/><E19/><V76/><F115/><W131/><G131/><T13/><D93/><U92/><E9/><V134/><F134/><W86/><G124/><T50/><D50/><U7/><E7/><V119/><F105/><W10/><G35/><T112/><D112/><U128/><E65/><V12/><F76/><W32/><G32/><T77/><D20/><U101/><E101/><V28/><F40/><W11/><G51/><T16/><D56/><U37/><E37/><V29/><F12/><W113/><G96/><T8/><D63/><U82/><E82/><V67/><F6/><W14/><G11/><T103/><D103/><U41/><E41/><V0/><F0/><W85/><G113/><T43/><D43/><U121/><E121/><V73/><F73/><W26/><G26/><T108/><D108/><U42/><E42/><V58/><F119/><W66/><REACH who="3" step="1"/><G86/><REACH who="3" ten="434,153,115,288" step="2"/><T22/><D2/><U17/><E127/><V31/><F118/><W25/><G25/><T52/><D3/><U88/><E74/><V102/><N who="2" m="7168" /><DORA hai="71" /><V24/><F24/><W72/><G72/><T133/><D133/><U34/><E34/><V122/><F122/><W27/><G27/><T21/><D123/><U89/><E130/><V57/><F84/><W39/><G39/><T53/><D120/><U36/><E129/><V97/><F97/><W75/><G75/><RYUUKYOKU ba="1,1" sc="434,-10,153,-10,115,-10,288,30" hai3="10,14,18,46,49,55,59,61,66,85,87,94,99" /><INIT seed="3,2,1,5,3,27" ten="424,143,105,318" oya="3" hai0="92,76,53,83,26,47,93,63,36,75,62,135,55" hai1="32,5,9,17,14,128,127,54,114,74,37,66,121" hai2="124,118,117,122,129,51,12,2,89,67,80,19,113" hai3="13,6,100,15,109,33,131,86,40,119,42,23,133"/><W18/><G119/><T20/><D135/><U97/><E66/><V35/><F113/><W99/><G131/><T120/><D120/><U101/><E54/><V64/><F122/><W45/><G109/><T125/><D125/><U31/><E101/><V65/><F2/><W24/><G133/><T38/><D38/><U56/><E56/><V115/><F115/><W132/><G132/><T10/><D10/><U70/><E97/><V79/><F124/><W50/><G33/><T72/><D72/><U110/><E31/><V58/><F35/><W7/><G42/><T81/><D36/><U108/><E17/><V28/><F28/><W16/><G86/><N who="0" m="48423" /><D83/><U123/><E14/><V95/><F129/><W61/><G61/><N who="0" m="23051" /><D75/><U25/><E5/><V30/><F80/><W116/><G116/><T41/><D41/><U104/><E9/><V59/><F79/><W87/><G87/><T34/><D34/><U1/><E25/><V52/><F118/><W134/><G134/><T105/><D105/><U21/><E21/><N who="2" m="11495" /><F117/><W39/><G39/><T107/><D107/><U73/><E37/><V46/><F30/><W126/><G126/><T90/><D47/><U44/><E110/><V98/><AGARI ba="2,1" hai="46,51,52,58,59,64,65,67,89,95,98" m="11495" machi="98" ten="30,2000,0" yaku="8,1,54,1" doraHai="27" who="2" fromWho="2" sc="424,-7,143,-7,105,36,318,-12" /><INIT seed="4,0,0,2,1,116" ten="417,136,141,306" oya="0" hai0="38,114,33,107,67,129,54,12,96,10,135,48,42" hai1="11,35,84,30,112,90,128,5,2,44,61,69,122" hai2="66,25,22,55,134,68,115,49,100,73,47,15,111" hai3="126,19,8,106,130,77,92,74,34,14,78,20,32"/><T95/><D114/><U17/><E128/><V88/><F111/><W83/><G106/><T16/><D135/><U108/><E108/><V60/><F134/><W28/><G126/><T56/><D129/><U98/><E112/><V109/><F109/><W117/><G117/><T37/><D33/><U86/><E44/><V91/><F115/><W101/><G130/><T133/><D133/><U1/><E1/><V40/><F73/><W121/><G121/><T118/><D118/><U64/><E17/><V3/><F3/><W53/><G78/><T102/><D42/><U82/><E86/><V13/><F100/><W59/><G101/><T51/><D51/><U39/><E98/><V62/><F62/><W36/><G36/><T45/><REACH who="0" step="1"/><D107/><REACH who="0" ten="407,136,141,306" step="2"/><U93/><E39/><V43/><F43/><W75/><G34/><T124/><D124/><U31/><E35/><V46/><F40/><W57/><G32/><T63/><AGARI ba="0,1" hai="10,12,16,37,38,45,48,54,56,63,67,95,96,102" machi="63" ten="30,6000,0" yaku="1,1,0,1,54,1,53,0" doraHai="116" doraHaiUra="120" who="0" fromWho="0" sc="407,70,136,-20,141,-20,306,-20" /><INIT seed="4,1,0,3,3,20" ten="477,116,121,286" oya="0" hai0="103,3,46,24,127,52,76,42,26,30,0,88,131" hai1="27,75,45,61,77,133,58,107,81,119,91,62,79" hai2="28,23,22,21,34,89,50,109,15,69,16,44,86" hai3="80,70,4,33,132,111,55,29,97,13,99,14,51"/><T36/><D131/><U78/><E107/><V35/><F69/><W6/><G111/><T87/><D127/><U84/><E119/><V128/><F128/><W37/><G37/><T25/><D30/><U126/><E126/><V5/><F5/><W59/><G132/><T102/><D76/><U96/><E133/><V57/><F109/><W101/><G70/><T114/><D114/><U39/><E39/><V1/><F1/><W31/><G33/><T11/><D52/><U112/><E112/><V71/><F71/><W64/><G80/><T8/><D0/><U92/><E45/><V117/><F117/><W67/><G55/><T95/><REACH who="0" step="1"/><D3/><REACH who="0" ten="467,116,121,286" step="2"/><U115/><E115/><V85/><F28/><W129/><G31/><T72/><D72/><U10/><E75/><V130/><F130/><W9/><G29/><T74/><D74/><U41/><E41/><V49/><F34/><W118/><G129/><T40/><D40/><U19/><E62/><V65/><F35/><W116/><G118/><T90/><D90/><U73/><E73/><V2/><F2/><W48/><G116/><T43/><D43/><U135/><E135/><V122/><F89/><W125/><G125/><T12/><D12/><U105/><E61/><N who="2" m="38063" /><F49/><W110/><G110/><T123/><D123/><U120/><E78/><V124/><F122/><W47/><G51/><T98/><D98/><U63/><E77/><V32/><F32/><W121/><G99/><T38/><D38/><U106/><E79/><V7/><F124/><W113/><G121/><T108/><D108/><U60/><E120/><V83/><F50/><RYUUKYOKU ba="1,1" sc="467,30,116,-10,121,-10,286,-10" hai0="8,11,24,25,26,36,42,46,87,88,95,102,103" /><INIT seed="4,2,1,0,3,19" ten="497,106,111,276" oya="0" hai0="92,47,97,34,94,68,24,123,124,116,86,17,99" hai1="2,43,35,114,81,4,61,102,44,91,53,134,72" hai2="50,82,131,128,25,89,119,14,74,77,1,15,83" hai3="70,32,109,3,21,90,37,29,41,125,33,66,95"/><T28/><D123/><U79/><E134/><V133/><F133/><W59/><G125/><T135/><D116/><U88/><E35/><V108/><F108/><W49/><G3/><T130/><D135/><U27/><E102/><V6/><F119/><W105/><G105/><T113/><D113/><U40/><E40/><V118/><F118/><W107/><G107/><T26/><D130/><N who="2" m="49706" /><F50/><W62/><G109/><T7/><D68/><U23/><E53/><V100/><F100/><W30/><G30/><T5/><D86/><U67/><E114/><V52/><F52/><W9/><G9/><T75/><D75/><U112/><E112/><V121/><F121/><W58/><G58/><T36/><D124/><U11/><E61/><V98/><F25/><W13/><G37/><T69/><D69/><U8/><E8/><N who="2" m="2127" /><F98/><W103/><G103/><T78/><D78/><U85/><E85/><AGARI ba="2,1" hai="14,15,74,77,82,83,85,89" m="2127,49706" machi="85" ten="30,1000,0" yaku="19,1" doraHai="19" who="2" fromWho="1" sc="497,0,106,-16,111,26,276,0" /><INIT seed="5,0,0,0,5,64" ten="497,90,137,276" oya="1" hai0="132,35,74,73,9,121,6,103,54,81,113,62,19" hai1="127,112,40,17,87,14,2,92,84,116,33,131,125" hai2="57,47,102,72,56,25,0,32,34,59,55,51,75" hai3="46,126,5,61,135,24,109,1,99,48,101,134,77"/><U7/><E116/><V66/><F0/><W85/><G109/><T20/><D35/><U128/><E40/><V124/><F124/><N who="1" m="47689" /><E92/><V58/><F102/><W104/><G126/><T93/><D113/><U82/><E33/><V39/><F32/><W45/><G61/><T53/><D132/><U130/><E2/><V8/><F8/><W96/><G99/><T63/><D121/><U3/><E3/><V97/><F97/><W29/><G5/><T15/><D74/><U78/><E7/><V41/><F66/><W70/><G1/><T60/><D73/><N who="1" m="43343" /><E112/><V129/><F129/><N who="1" m="33025" /><U98/><DORA hai="115" /><E98/><V16/><F34/><W67/><G96/><N who="0" m="59791" /><D81/><U80/><E80/><V88/><REACH who="2" step="1"/><F88/><REACH who="2" ten="497,90,127,276" step="2"/><W69/><G101/><T107/><D107/><U36/><E36/><V18/><F18/><W65/><G104/><T38/><D38/><U94/><E94/><V21/><AGARI ba="0,1" hai="16,21,25,39,41,47,51,55,56,57,58,59,72,75" machi="21" ten="30,4000,0" yaku="1,1,0,1,54,1,53,0" doraHai="64,115" doraHaiUra="89,91" who="2" fromWho="2" sc="497,-10,90,-20,127,50,276,-10" /><INIT seed="6,0,0,1,2,75" ten="487,70,177,266" oya="2" hai0="90,68,26,58,114,122,77,80,133,50,9,125,12" hai1="128,4,56,118,111,16,22,76,93,70,113,14,119" hai2="105,89,2,8,86,31,103,40,74,33,67,124,21" hai3="100,66,49,64,51,115,92,130,10,135,41,129,20"/><V98/><F124/><W79/><G115/><T54/><D122/><U121/><E70/><V11/><F40/><W132/><G20/><T24/><D68/><U61/><E111/><V43/><F43/><W123/><G10/><T104/><D133/><U30/><E113/><V116/><F116/><W39/><G92/><T96/><D114/><U97/><E121/><V5/><F11/><W91/><G91/><T6/><D125/><U63/><E63/><V117/><F117/><W87/><G87/><N who="0" m="48527" /><D104/><U13/><E128/><V127/><F33/><W72/><G100/><T69/><D69/><U82/><E30/><V7/><F7/><W120/><G72/><T36/><D36/><U32/><E13/><V0/><F67/><W34/><G34/><T126/><D126/><U1/><E1/><V45/><F74/><W78/><G41/><T65/><D65/><U85/><E4/><V44/><F2/><W28/><G28/><T107/><D107/><U47/><E47/><V19/><F31/><W25/><G25/><T27/><D90/><U18/><E18/><V110/><F110/><W108/><G108/><T73/><D73/><U88/><E32/><V23/><F127/><W95/><G95/><T106/><D106/><U101/><E101/><V42/><F42/><W57/><G57/><T131/><D131/><U55/><AGARI ba="0,0" hai="14,16,22,55,56,61,76,82,85,88,93,97,118,119" machi="55" ten="20,8000,1" yaku="0,1,7,1,52,1,54,2" doraHai="75" who="1" fromWho="1" sc="487,-20,70,80,177,-40,266,-20" /><INIT seed="7,0,0,1,3,93" ten="467,150,137,246" oya="3" hai0="104,62,99,61,67,73,114,51,111,50,133,108,46" hai1="128,52,34,21,24,39,120,70,38,14,66,94,0" hai2="47,81,5,7,33,68,60,63,115,10,84,23,92" hai3="18,57,16,35,49,79,41,29,76,125,97,83,119"/><W8/><G125/><T53/><D73/><U75/><E75/><V12/><F33/><W98/><G119/><T77/><D77/><U54/><E0/><V88/><F115/><W91/><G35/><T32/><D114/><U13/><E120/><V130/><F130/><W82/><G29/><T25/><D133/><U71/><E128/><V74/><F68/><W102/><G91/><T113/><D113/><U121/><E34/><V106/><F106/><W135/><G135/><T101/><D51/><U78/><E78/><N who="2" m="46135" /><F74/><W95/><G95/><T65/><D62/><N who="2" m="23594" /><F23/><W69/><G69/><N who="0" m="42159" /><D67/><U55/><E66/><V118/><F118/><W43/><G57/><T3/><D3/><U96/><E70/><V36/><F36/><W122/><G102/><T44/><D44/><U17/><E71/><V4/><F47/><W26/><G26/><T127/><D127/><U86/><E121/><V80/><F80/><W90/><G90/><T87/><D87/><AGARI ba="0,0" hai="4,5,7,10,12,87,88,92" m="23594,46135" machi="87" ten="30,2000,0" yaku="8,1,54,1" doraHai="93" who="2" fromWho="0" sc="467,-20,150,0,137,20,246,0" owari="447,54.0,150,-35.0,157,-24.0,246,5.0" /></mjloggm>