<mjloggm ver="2.3"><GO type="169" lobby="0"/><UN n0="%E9%9B%AA%E3%81%AE%E8%8A%B1%E3%81%8C%E5%92%B2%E3%81%8F%E9%A0%83%E3%81%AB" n1="%E3%83%95%E3%82%8A%E3%82%AA%E3%83%8B%E3%83%BC%E3%83%AB" n2="%E6%84%9A%E5%BD%A2%E3%81%AE%E6%84%9A%E5%85%84" n3="%4C%61%69%6C%61%70%73" dan="16,17,17,17" rate="2119.34,2155.67,2143.21,2246.30" sx="F,M,M,F"/><TAIKYOKU oya="0"/><INIT seed="0,0,0,1,2,14" ten="250,250,250,250" oya="0" hai0="120,68,48,84,74,45,62,112,39,72,47,40,80" hai1="35,27,11,3,53,2,32,66,71,94,33,42,60" hai2="87,73,134,20,57,113,81,102,116,26,119,28,92" hai3="70,77,63,86,103,123,79,36,100,22,51,10,90"/><T8/><D120/><U12/><E42/><V101/><F113/><W105/><G36/><T91/><D112/><U114/><E114/><V18/><F134/><W88/><G123/><T121/><D121/><U17/><E94/><V65/><F73/><W0/><G22/><T23/><D23/><U95/><E95/><V13/><F65/><W115/><G115/><T41/><D62/><U93/><E27/><V124/><F57/><W34/><G34/><T16/><REACH who="0" step="1"/><D68/><REACH who="0" ten="240,250,250,250" step="2"/><U83/><E83/><V107/><F81/><W127/><G63/><T15/><AGARI ba="0,1" hai="8,15,16,39,40,41,45,47,48,72,74,80,84,91" machi="15" ten="30,12000,1" yaku="1,1,2,1,0,1,52,1,54,1,53,0" doraHai="14" doraHaiUra="61" who="0" fromWho="0" sc="240,130,250,-40,250,-40,250,-40" /><INIT seed="0,1,0,1,4,93" ten="370,210,210,210" oya="0" hai0="37,122,41,8,10,99,111,129,78,118,77,23,4" hai1="44,76,92,61,52,90,72,11,95,5,56,2,104" hai2="79,108,106,68,82,123,127,14,103,6,60,120,85" hai3="45,114,81,19,43,80,91,110,34,84,71,33,65"/><T50/><D122/><U17/><E104/><V18/><F108/><W39/><G110/><T1/><D118/><U97/><E17/><V66/><F127/><W22/><G114/><T75/><D129/><U133/><E133/><V54/><F6/><W132/><G132/><T36/><D23/><U47/><REACH who="1" step="1"/><E92/><REACH who="1" ten="370,200,210,210" step="2"/><V38/><F123/><W83/><G83/><AGARI ba="1,1" hai="2,5,11,44,47,52,56,61,72,76,83,90,95,97" machi="83" ten="40,8000,1" yaku="1,1,2,1,52,1,54,1,53,0" doraHai="93" doraHaiUra="102" who="1" fromWho="3" sc="370,0,200,93,210,0,210,-83" /><INIT seed="1,0,0,4,1,70" ten="370,293,210,127" oya="1" hai0="30,55,127,9,11,133,106,22,112,14,25,48,95" hai1="43,7,60,2,52,119,10,130,17,128,6,123,79" hai2="27,37,96,118,58,135,100,1,122,59,134,46,51" hai3="90,107,102,110,13,61,99,92,83,131,66,44,21"/><U132/><E119/><V64/><F1/><W125/><G110/><T34/><D106/><U105/><E123/><V120/><F27/><W116/><G125/><T23/><D112/><U126/><E126/><V67/><F118/><W85/><G131/><T40/><D40/><U97/><E7/><V88/><F100/><W41/><G116/><T124/><D133/><N who="2" m="50698" /><F96/><W35/><G35/><T0/><D95/><U31/><E31/><V114/><F88/><W115/><G115/><T81/><D81/><U80/><E132/><V12/><F12/><W73/><G13/><T3/><D55/><U18/><E43/><N who="2" m="22895" /><F114/><W63/><G66/><N who="2" m="25129" /><F51/><W109/><G21/><N who="0" m="7691" /><D48/><U75/><E97/><V38/><F38/><N who="3" m="21559" /><G109/><T36/><D36/><U87/><E105/><V77/><F77/><AGARI ba="0,0" hai="61,63,73,77,83,85,90,92,99,102,107" m="21559" machi="77" ten="30,2000,0" yaku="24,1,52,1" doraHai="70" who="3" fromWho="2" sc="370,0,293,0,210,-20,127,20" /><INIT seed="2,0,0,2,2,116" ten="370,293,190,147" oya="2" hai0="103,41,113,112,85,60,105,119,108,128,121,97,12" hai1="33,37,54,6,87,114,117,27,2,86,127,80,125" hai2="122,93,7,57,51,45,19,36,69,47,135,98,15" hai3="89,110,31,111,132,68,28,106,39,53,20,55,42"/><V123/><F69/><W23/><G68/><T50/><D119/><U104/><E117/><V63/><F7/><W40/><G89/><T34/><D34/><U26/><E114/><V102/><F135/><W59/><G106/><T126/><D126/><U88/><E104/><V16/><F36/><W81/><G39/><T21/><D60/><U13/><E2/><V56/><F56/><W124/><G59/><T4/><D108/><N who="3" m="41513" /><G81/><T74/><D74/><U84/><E37/><V38/><F38/><W52/><G124/><N who="1" m="47690" /><E54/><V44/><F51/><W62/><G62/><T133/><D133/><U22/><E33/><V64/><REACH who="2" step="1"/><F19/><REACH who="2" ten="370,293,180,147" step="2"/><W76/><G132/><T46/><D113/><U32/><E6/><V118/><F118/><W25/><G76/><T67/><D112/><U79/><E79/><V24/><F24/><AGARI ba="0,1" hai="20,23,24,25,28,31,40,42,52,53,55" m="41513" machi="24" ten="30,2000,0" yaku="14,1,54,1" doraHai="116" who="3" fromWho="2" sc="370,0,293,0,180,-20,147,30" /><INIT seed="3,0,0,5,1,47" ten="370,293,160,177" oya="3" hai0="38,67,50,7,21,16,108,41,55,39,99,60,42" hai1="49,109,52,12,68,128,43,107,110,74,102,111,13" hai2="76,131,77,114,92,117,48,123,112,122,40,91,72" hai3="62,54,96,86,19,132,81,18,116,78,53,75,26"/><W84/><G132/><T79/><D7/><U35/><E128/><V90/><F40/><W103/><G116/><T98/><D79/><N who="2" m="30282" /><F117/><W133/><G133/><T120/><D120/><N who="2" m="46122" /><F131/><W29/><G75/><T22/><D108/><U134/><E134/><V4/><F4/><W36/><G86/><T11/><D38/><U71/><E74/><V31/><F31/><W17/><G62/><T1/><D1/><U59/><E35/><V51/><F72/><W69/><G69/><N who="1" m="26698" /><E43/><N who="0" m="16393" /><D39/><U14/><E102/><V66/><F66/><W3/><G3/><T129/><D129/><U127/><E107/><V70/><F70/><W0/><G0/><T106/><D106/><U130/><E130/><V83/><F83/><W5/><G5/><T10/><D22/><U113/><E127/><V95/><F114/><AGARI ba="0,0" hai="12,13,14,49,52,59,109,110,111,113,114" m="26698" machi="114" ten="40,5200,0" yaku="14,1,52,1,54,1" doraHai="47" who="1" fromWho="2" sc="370,0,293,52,160,-52,177,0" /><INIT seed="4,0,0,3,1,127" ten="370,345,108,177" oya="0" hai0="46,84,19,86,59,16,105,94,10,93,107,125,36" hai1="122,9,15,132,8,30,118,35,20,41,81,38,2" hai2="3,14,110,55,68,31,90,61,37,101,133,72,22" hai3="12,77,24,79,129,52,25,23,64,65,56,47,95"/><T96/><D125/><U34/><E118/><V54/><F110/><W66/><G129/><T87/><D59/><U6/><E122/><V45/><F3/><W70/><G70/><T43/><D94/><U62/><E62/><V11/><F72/><W98/><G12/><T21/><D10/><U114/><E81/><V91/><F101/><W48/><G47/><T58/><D58/><U44/><E132/><V76/><F76/><W103/><REACH who="3" step="1"/><G24/><REACH who="3" ten="370,345,108,167" step="2"/><T121/><D121/><U27/><E114/><V104/><F68/><W89/><G89/><T120/><D120/><U13/><E2/><V17/><F133/><W57/><G57/><T112/><D112/><U26/><E26/><V53/><F91/><W51/><G51/><T40/><D40/><U126/><E126/><V109/><F90/><W69/><G69/><T29/><D43/><U113/><E113/><V102/><F109/><W83/><G83/><T106/><D46/><U124/><E124/><V108/><F108/><W49/><G49/><T123/><D123/><U97/><E15/><V71/><F71/><W60/><G60/><T88/><D36/><U0/><E0/><V130/><F61/><W116/><G116/><T4/><D4/><U85/><E6/><V100/><F130/><W119/><G119/><T33/><D33/><U78/><E34/><V131/><F131/><W74/><G74/><T28/><REACH who="0" step="1"/><D19/><AGARI ba="0,1" hai="19,23,25,48,52,56,64,65,66,77,79,95,98,103" machi="19" ten="40,5200,0" yaku="1,1,8,1,54,1,53,0" doraHai="127" doraHaiUra="7" who="3" fromWho="0" sc="370,-52,345,0,108,0,167,62" /><INIT seed="5,0,0,1,0,72" ten="318,345,108,229" oya="1" hai0="70,134,10,45,125,58,86,131,41,79,26,108,3" hai1="44,38,74,128,82,48,95,5,67,121,14,85,22" hai2="133,116,61,126,76,59,109,92,104,1,90,83,27" hai3="25,55,112,11,110,80,71,15,40,111,42,120,4"/><U23/><E121/><V73/><F116/><W8/><G120/><T19/><D108/><U12/><E38/><V30/><F109/><W52/><G112/><T106/><D70/><U130/><E67/><V115/><F115/><W57/><G71/><T54/><D106/><U20/><E95/><V31/><F126/><W113/><G113/><T33/><D125/><U0/><E74/><V94/><F133/><W32/><G32/><T66/><D66/><U28/><E28/><V102/><F1/><W47/><G25/><T119/><D119/><U36/><E36/><V9/><F9/><W89/><G111/><T53/><D131/><N who="1" m="50219" /><E5/><V34/><F30/><W117/><G117/><T29/><D134/><U84/><E84/><V75/><F75/><W56/><G11/><T123/><D123/><U98/><E98/><V39/><F39/><W127/><G127/><T50/><D58/><U101/><E101/><V37/><F37/><W7/><G47/><T13/><REACH who="0" step="1"/><D3/><REACH who="0" ten="308,345,108,229" step="2"/><U99/><E0/><V24/><F104/><W97/><G110/><T132/><D132/><U2/><E2/><V35/><F102/><W63/><G57/><T68/><D68/><U43/><E99/><V51/><F59/><W88/><G97/><T96/><D96/><U105/><E105/><V122/><F122/><W103/><G56/><T21/><D21/><U100/><E100/><V6/><F35/><W118/><G103/><T17/><D17/><U129/><N who="1" m="50227" /><U64/><DORA hai="124" /><E64/><V114/><F34/><W60/><G118/><T78/><D78/><AGARI ba="0,1" hai="12,14,20,22,23,43,44,48,78,82,85" m="50227" machi="78" ten="40,18000,2" yaku="19,1,52,5" doraHai="72,124" who="1" fromWho="0" sc="308,-180,345,190,108,0,229,0" /><INIT seed="5,1,0,2,0,30" ten="128,535,108,229" oya="1" hai0="37,127,25,68,0,90,124,81,63,121,71,8,32" hai1="113,60,66,44,80,91,99,126,78,111,35,100,77" hai2="42,83,79,73,50,98,5,11,59,122,19,48,26" hai3="38,31,132,134,135,15,128,86,21,82,104,43,69"/><U110/><E113/><V102/><F122/><W107/><G128/><T95/><D37/><U14/><E126/><N who="0" m="48169" /><D121/><U88/><E14/><V116/><F116/><W3/><G69/><T36/><D36/><U93/><E44/><V114/><F114/><W18/><G3/><T67/><D81/><U97/><E35/><V24/><F42/><W58/><G58/><T28/><D8/><U130/><E130/><V72/><F72/><W131/><G131/><T29/><D0/><U76/><E60/><V106/><F59/><W94/><G94/><T22/><D29/><U84/><E66/><V112/><F112/><W105/><G31/><T89/><D71/><U46/><E46/><V103/><F103/><W117/><G117/><T120/><D120/><U87/><E99/><V125/><F125/><W40/><REACH who="3" step="1"/><G38/><REACH who="3" ten="128,535,108,219" step="2"/><T47/><D95/><AGARI ba="1,1" hai="76,77,78,80,84,87,88,91,93,95,97,100,110,111" machi="95" ten="40,12000,1" yaku="34,3,54,1" doraHai="30" who="1" fromWho="0" sc="128,-123,535,133,108,0,219,0" /><INIT seed="5,2,0,4,1,106" ten="5,668,108,219" oya="1" hai0="47,69,46,16,72,15,93,23,109,124,123,31,56" hai1="60,114,102,74,27,8,55,38,62,24,37,42,112" hai2="51,21,82,132,70,25,119,134,30,48,64,87,77" hai3="53,36,116,43,128,108,104,9,129,111,34,81,22"/><U127/><E102/><V133/><F119/><W97/><G34/><T3/><D109/><U2/><E127/><V130/><F130/><N who="3" m="50283" /><G116/><T49/><D124/><U35/><E74/><V120/><F120/><W101/><G22/><T103/><D69/><U1/><E55/><V91/><F91/><W57/><G9/><T71/><D71/><U126/><E126/><V12/><F12/><W26/><G26/><T73/><D3/><U65/><E42/><V99/><F99/><W5/><G5/><T66/><D123/><U131/><E131/><V95/><F95/><W84/><G36/><T17/><D31/><U10/><E65/><V92/><F92/><W90/><G43/><T67/><D93/><U78/><E78/><V33/><F33/><AGARI ba="2,0" hai="1,2,8,10,24,27,33,35,37,38,60,62,112,114" machi="33" ten="25,2400,0" yaku="22,2" doraHai="106" who="1" fromWho="2" sc="5,0,668,30,108,-30,219,0" /><INIT seed="5,3,0,4,1,129" ten="5,698,78,219" oya="1" hai0="26,13,19,120,131,8,98,16,113,0,124,14,133" hai1="5,47,67,2,89,73,66,12,105,58,104,32,86" hai2="100,115,45,52,7,126,134,63,114,3,101,122,117" hai3="82,44,36,6,64,29,92,116,62,48,27,54,130"/><U80/><E32/><V57/><F122/><W53/><G130/><T87/><D87/><U9/><E73/><V94/><F117/><W121/><G121/><T59/><D131/><U119/><E119/><V24/><F126/><W51/><G36/><T88/><D120/><U61/><E66/><V60/><F60/><W79/><G92/><N who="0" m="56583" /><D0/><U38/><E38/><V71/><F71/><W135/><G6/><N who="0" m="3223" /><D124/><U41/><E41/><V69/><F69/><W37/><G37/><T34/><D34/><U123/><E47/><V77/><F77/><W108/><G108/><T83/><D83/><U97/><E123/><V31/><F45/><W70/><G116/><T99/><D113/><N who="2" m="43018" /><F94/><W4/><G4/><T78/><D78/><U127/><E127/><V111/><F111/><W21/><G82/><T1/><D1/><U43/><E43/><V85/><F85/><W49/><G79/><T39/><D39/><U25/><E2/><V22/><F7/><W109/><G109/><T15/><D99/><U91/><E97/><V55/><F3/><W75/><G75/><T128/><D128/><U33/><E91/><V125/><F125/><W56/><G70/><T106/><D106/><U95/><E80/><V103/><F55/><W10/><G54/><T112/><D112/><U110/><E110/><V118/><F118/><W46/><G53/><T74/><D74/><U18/><E33/><V107/><F107/><W28/><G46/><T76/><D133/><AGARI ba="3,0" hai="22,24,31,52,57,63,100,101,103,133,134" m="43018" machi="133" ten="40,8000,1" yaku="15,1,11,1,52,2,54,1" doraHai="129" who="2" fromWho="0" sc="5,-89,698,0,78,89,219,0" owari="-84,-58.0,698,79.0,167,-23.0,219,2.0" /></mjloggm>