<mjloggm ver="2.3"><GO type="169" lobby="0"/><UN n0="%E3%81%88%E3%82%89%E3%81%A6%E3%82%93" n1="%45%72%77%69%6E%52%64" n2="%E9%AB%98%E6%A9%8B%E6%B7%B3" n3="%E3%83%AA%E3%83%83%E3%83%97%E3%83%AB%E3%83%A9%E3%83%83%E3%83%97%E3%83%AB" dan="16,16,17,16" rate="2122.01,2131.09,2155.94,2040.99" sx="M,M,M,M"/><TAIKYOKU oya="0"/><INIT seed="0,0,0,4,1,127" ten="250,250,250,250" oya="0" hai0="116,50,38,93,102,43,76,35,44,115,10,119,63" hai1="72,112,21,86,34,27,67,96,130,134,101,91,31" hai2="69,79,110,121,70,133,71,52,32,16,37,114,74" hai3="33,135,80,111,108,68,26,118,92,25,3,89,84"/><T117/><D115/><U125/><E72/><V104/><RYUUKYOKU type="yao9" ba="0,0" sc="250,0,250,0,250,0,250,0" hai2="16,32,37,52,69,70,71,74,79,104,110,114,121,133" /><INIT seed="0,1,0,4,2,38" ten="250,250,250,250" oya="0" hai0="46,87,7,42,28,17,11,110,95,67,94,53,133" hai1="130,126,18,98,36,112,125,12,127,99,109,6,40" hai2="49,93,30,78,14,64,104,21,85,129,121,2,33" hai3="15,23,119,60,69,27,8,29,52,115,75,97,118"/><T86/><D133/><U41/><E109/><V108/><F104/><W63/><G115/><T55/><D110/><U50/><E36/><V96/><F2/><W3/><G3/><T45/><D67/><U31/><E112/><V73/><F108/><W43/><G75/><T89/><D28/><U135/><E135/><V37/><F37/><W122/><G122/><T114/><D17/><U56/><E6/><V32/><F73/><W70/><G63/><T88/><D114/><U10/><E31/><V91/><F64/><W19/><G43/><N who="1" m="16458" /><E130/><V76/><F30/><W9/><G70/><T1/><REACH who="0" step="1"/><D46/><REACH who="0" ten="240,250,250,250" step="2"/><U57/><E57/><V111/><F111/><W34/><G69/><T80/><D80/><U72/><E72/><V47/><F47/><W74/><G74/><T106/><D106/><U131/><E131/><V13/><F129/><W84/><G119/><T62/><D62/><U120/><E120/><V124/><F121/><W68/><G118/><T79/><D79/><U113/><E113/><V4/><F78/><W35/><G68/><T5/><D5/><U128/><E128/><V24/><F76/><W102/><G34/><T25/><D25/><U82/><E82/><V117/><F24/><W39/><G35/><T48/><AGARI ba="1,1" hai="1,7,11,42,45,48,53,55,86,87,88,89,94,95" machi="48" ten="20,18000,2" yaku="1,1,0,1,7,1,9,1,52,1,54,1,53,0" doraHai="38" doraHaiUra="92" who="0" fromWho="0" sc="240,193,250,-61,250,-61,250,-61" /><INIT seed="0,2,0,1,4,45" ten="433,189,189,189" oya="0" hai0="83,58,96,48,40,13,107,7,115,89,128,36,123" hai1="18,92,55,20,42,66,11,23,26,134,53,93,80" hai2="133,16,113,22,67,38,101,117,98,109,108,116,49" hai3="74,119,111,37,77,90,71,4,5,30,125,46,70"/><T69/><D115/><U84/><E134/><V103/><F38/><W33/><G119/><N who="2" m="45641" /><F67/><W86/><G125/><T106/><D123/><U50/><E66/><V68/><F68/><W130/><G86/><T97/><D69/><U78/><E11/><V19/><F113/><W102/><G90/><T124/><D36/><U51/><E42/><V122/><F122/><W72/><G4/><T35/><D35/><U31/><E55/><V64/><F64/><W79/><G5/><T95/><D124/><U32/><E53/><V39/><F39/><W121/><G121/><T94/><D128/><U99/><E32/><V1/><F1/><W85/><G130/><T100/><D83/><U41/><E41/><V3/><F3/><W62/><G33/><T61/><D7/><U6/><E6/><V63/><F63/><W57/><G62/><T44/><REACH who="0" step="1"/><D13/><REACH who="0" ten="423,189,189,189" step="2"/><N who="1" m="9295" /><E92/><V127/><F127/><W112/><G37/><T34/><D34/><U25/><E26/><V76/><F133/><W135/><G135/><T87/><D87/><U110/><E110/><V0/><F109/><W47/><G85/><T60/><D60/><U43/><E43/><V129/><F108/><W17/><G111/><T56/><D56/><U81/><E80/><V14/><F129/><W114/><G57/><T27/><D27/><U9/><E9/><V21/><F0/><W29/><G114/><T54/><AGARI ba="2,1" hai="40,44,48,54,58,61,89,94,95,96,97,100,106,107" machi="54" ten="20,7800,0" yaku="1,1,0,1,7,1,52,1,53,0" doraHai="45" doraHaiUra="120" who="0" fromWho="0" sc="423,94,189,-28,189,-28,189,-28" /><INIT seed="0,3,0,0,0,58" ten="517,161,161,161" oya="0" hai0="114,21,87,81,116,111,107,0,67,100,109,77,132" hai1="105,94,36,106,2,49,10,47,117,26,1,16,3" hai2="66,131,33,126,128,37,120,31,52,51,65,11,39" hai3="134,135,115,50,82,41,20,42,93,112,110,56,46"/><T14/><D0/><U24/><E36/><N who="2" m="13899" /><F11/><W22/><G82/><T40/><D40/><N who="3" m="15465" /><G93/><T45/><D45/><U12/><E117/><V27/><F120/><W130/><G130/><N who="2" m="49705" /><F126/><W17/><G17/><N who="0" m="10423" /><D114/><U8/><E8/><V74/><F74/><W83/><G83/><T76/><D116/><U5/><E94/><V98/><F98/><W55/><G20/><T118/><D118/><U133/><E133/><N who="3" m="50698" /><G22/><T34/><D34/><U30/><E5/><V63/><F63/><N who="3" m="36255" /><G110/><N who="0" m="41995" /><D67/><U78/><E78/><V124/><F124/><W64/><G64/><T95/><D132/><U7/><E7/><V72/><F72/><W89/><G89/><N who="0" m="51439" /><D107/><U123/><E105/><V29/><F29/><W113/><G113/><T59/><D59/><AGARI ba="3,0" hai="27,31,33,51,52,59,65,66" m="49705,13899" machi="59" ten="30,2000,0" yaku="19,1,54,1" doraHai="58" who="2" fromWho="0" sc="517,-29,161,0,161,29,161,0" /><INIT seed="1,0,0,3,3,44" ten="488,161,190,161" oya="1" hai0="71,41,88,115,123,102,104,4,12,70,97,100,21" hai1="29,51,79,91,107,3,119,89,30,42,133,55,135" hai2="83,132,49,19,58,46,27,0,69,25,114,7,62" hai3="36,43,111,72,81,59,116,75,93,13,33,113,87"/><U117/><E3/><V108/><F108/><W82/><G113/><T78/><D115/><U95/><E107/><V50/><F69/><W101/><G33/><T121/><D78/><U63/><E42/><V39/><F114/><W94/><G59/><T134/><D134/><N who="1" m="51211" /><E79/><V68/><F68/><W52/><G13/><T66/><D66/><U74/><E63/><V15/><F132/><W106/><G52/><T118/><D118/><N who="1" m="45067" /><E74/><N who="3" m="28202" /><G43/><T80/><D41/><U47/><E89/><V28/><F39/><W90/><G36/><T9/><D102/><U20/><E20/><V99/><F62/><W105/><G116/><T127/><D127/><U110/><E110/><V65/><F0/><W37/><G37/><T112/><D112/><U8/><E8/><V73/><F73/><W34/><G34/><T45/><D21/><U32/><E32/><V31/><F65/><W92/><G111/><T24/><D24/><U130/><E130/><V23/><F27/><W124/><G124/><T5/><D5/><U128/><E128/><V35/><F7/><W53/><G53/><T6/><D6/><U56/><E56/><V86/><F58/><W84/><G101/><T120/><D45/><U126/><E126/><V125/><F46/><W85/><G90/><T57/><D57/><U103/><E103/><V131/><F125/><W26/><G26/><T109/><D109/><U60/><E60/><V16/><F35/><W2/><G2/><T98/><D80/><AGARI ba="0,0" hai="80,81,82,84,85,87,92,93,94,105,106" m="28202" machi="80" ten="40,12000,2" yaku="28,2,35,5" doraHai="44" who="3" fromWho="0" sc="488,-120,161,0,190,0,161,120" /><INIT seed="2,0,0,0,2,39" ten="368,161,190,281" oya="2" hai0="76,88,29,57,101,5,13,65,124,45,18,114,11" hai1="19,62,44,103,97,112,129,1,115,8,131,20,36" hai2="77,55,110,6,31,48,98,61,24,34,60,2,46" hai3="37,28,52,127,109,125,64,105,63,4,30,104,35"/><V106/><F110/><W54/><G109/><T32/><D114/><U71/><E71/><V84/><F2/><W72/><G72/><T7/><D101/><U70/><E70/><V27/><F6/><W90/><G4/><T9/><D76/><U134/><E62/><V49/><F24/><W58/><G37/><T25/><D124/><N who="3" m="47689" /><G90/><T78/><D78/><U23/><E8/><V12/><F12/><W53/><G35/><T40/><D65/><U42/><E1/><V81/><F106/><AGARI ba="0,0" hai="28,30,52,53,54,58,63,64,104,105,106" m="47689" machi="106" ten="40,2600,0" yaku="18,1,54,1" doraHai="39" who="3" fromWho="2" sc="368,0,161,0,190,-26,281,26" /><INIT seed="3,0,0,2,2,30" ten="368,161,164,307" oya="3" hai0="31,111,5,79,72,109,93,35,121,60,95,39,131" hai1="7,124,50,82,54,38,0,123,17,37,34,108,24" hai2="66,3,126,76,11,81,106,29,40,73,51,133,62" hai3="46,127,98,97,129,130,101,105,63,134,44,8,119"/><W100/><G119/><T49/><D121/><U91/><E123/><V99/><F126/><W128/><G127/><T25/><D39/><U125/><E108/><N who="0" m="41545" /><D131/><U20/><E124/><V55/><F133/><W22/><G134/><T120/><D120/><U33/><E125/><V6/><F40/><W19/><G8/><T89/><D5/><U107/><E107/><V67/><F62/><W135/><G135/><T65/><D49/><U14/><E0/><V110/><F110/><W32/><G63/><T2/><D2/><U13/><E91/><V61/><F61/><W26/><G32/><T4/><D4/><U83/><E37/><V21/><F21/><W57/><REACH who="3" step="1"/><G57/><REACH who="3" ten="368,161,164,297" step="2"/><T75/><D35/><U90/><E33/><V59/><F11/><W71/><G71/><T115/><D60/><U43/><E34/><V47/><F59/><W48/><G48/><T92/><D115/><U1/><E50/><V36/><F51/><W85/><G85/><T41/><D72/><U78/><E38/><V116/><F73/><W103/><G103/><T132/><D75/><U74/><E74/><V113/><F113/><W86/><G86/><T9/><D132/><U42/><E1/><V10/><F36/><W94/><AGARI ba="0,1" hai="19,22,26,44,46,94,97,98,100,101,105,128,129,130" machi="94" ten="30,6000,0" yaku="1,1,0,1,19,1,53,0" doraHai="30" doraHaiUra="53" who="3" fromWho="3" sc="368,-20,161,-20,164,-20,297,70" /><INIT seed="3,1,0,5,1,131" ten="348,141,144,367" oya="3" hai0="54,44,22,122,46,19,76,67,96,11,41,66,77" hai1="5,73,32,72,9,4,85,74,10,57,43,88,83" hai2="108,125,35,116,110,134,50,104,18,126,49,24,81" hai3="58,114,133,65,17,23,25,27,124,97,87,105,69"/><W93/><G114/><T119/><D122/><U16/><E32/><V135/><F104/><W109/><G124/><N who="2" m="47721" /><F81/><W127/><G69/><T115/><D119/><U31/><E31/><N who="2" m="19943" /><F116/><W2/><G105/><T36/><D115/><U7/><E43/><V14/><F50/><W100/><G2/><T39/><D11/><U118/><E118/><V63/><F49/><W28/><G109/><N who="2" m="42089" /><F63/><N who="3" m="38135" /><G87/><T15/><D96/><U99/><E99/><V12/><F12/><W112/><G112/><T6/><D6/><U8/><REACH who="1" step="1"/><E57/><REACH who="1" ten="348,131,144,367" step="2"/><V70/><F70/><W45/><G127/><T106/><D41/><U92/><E92/><V59/><F59/><W91/><G93/><T123/><D106/><U53/><E53/><V47/><F47/><W64/><G45/><T33/><D44/><U90/><E90/><V61/><F61/><W30/><G91/><T82/><D46/><U117/><E117/><V101/><F101/><W56/><G100/><T52/><D36/><U86/><E86/><V132/><F132/><W107/><G133/><T40/><D39/><U84/><E84/><V75/><F75/><W89/><G107/><T113/><D40/><U94/><E94/><V20/><AGARI ba="1,1" hai="14,18,20,134,135" m="42089,19943,47721" machi="20" ten="40,12000,2" yaku="18,1,14,1,34,2,52,2" doraHai="131" who="2" fromWho="2" sc="348,-31,131,-31,144,133,367,-61" /><INIT seed="4,0,0,2,3,84" ten="317,100,277,306" oya="0" hai0="131,26,70,93,24,44,3,114,58,79,128,92,8" hai1="27,20,108,36,129,46,33,65,74,43,62,55,119" hai2="60,40,59,103,71,9,82,134,112,28,10,29,34" hai3="117,39,31,78,52,88,106,101,32,1,91,45,67"/><T77/><D70/><U4/><E108/><V17/><F71/><W83/><G117/><T21/><D114/><U25/><E119/><V51/><F34/><W100/><G1/><T120/><D120/><U116/><E74/><V7/><F134/><W122/><G122/><T18/><D44/><U89/><E116/><V11/><F103/><N who="3" m="39499" /><G39/><T73/><D58/><U81/><E55/><V38/><F38/><W123/><G32/><T109/><D24/><U107/><E107/><V50/><F7/><W19/><G31/><N who="2" m="11849" /><F40/><W102/><N who="3" m="39507" /><W49/><DORA hai="53" /><G106/><T35/><D35/><U87/><E33/><V127/><F127/><W41/><G67/><T64/><D64/><U97/><E97/><V98/><F98/><W12/><G41/><T13/><D109/><U110/><E110/><V130/><F130/><N who="0" m="49706" /><D3/><U115/><E129/><V37/><F37/><W118/><G118/><T121/><D121/><U132/><E115/><V126/><F126/><W113/><G113/><T56/><D56/><U66/><E132/><V76/><F112/><W57/><G45/><T75/><D75/><U95/><E65/><V23/><F59/><W63/><G123/><T135/><D135/><U90/><E66/><V94/><F60/><W16/><G63/><T69/><D69/><U0/><E62/><V86/><F94/><N who="0" m="36458" /><D73/><U96/><REACH who="1" step="1"/><E20/><REACH who="1" ten="317,90,277,306" step="2"/><V54/><F54/><W68/><G68/><T72/><D72/><U111/><E111/><V133/><F133/><W48/><G52/><T104/><D104/><U6/><E6/><AGARI ba="0,1" hai="6,8,13,18,21,26,77,79" m="36458,49706" machi="6" ten="30,1500,0" yaku="19,1" doraHai="84,53" who="0" fromWho="1" sc="317,25,90,-15,277,0,306,0" /><INIT seed="4,1,0,4,3,114" ten="342,75,277,306" oya="0" hai0="107,124,65,135,34,32,120,92,87,122,85,98,12" hai1="54,63,1,24,78,131,11,70,109,71,23,58,84" hai2="33,28,56,91,2,134,62,128,10,112,115,7,51" hai3="126,75,125,106,100,93,110,79,41,108,18,118,59"/><T102/><D65/><U61/><E109/><V6/><F51/><W80/><G41/><T103/><D12/><U8/><E131/><V123/><F123/><W5/><G5/><T38/><D38/><U113/><E113/><N who="2" m="43595" /><F91/><W60/><G18/><T88/><D32/><U99/><E1/><V117/><F56/><W9/><G9/><T3/><D3/><U95/><E70/><V17/><F62/><W64/><G93/><T72/><D34/><U132/><E61/><V104/><F104/><W83/><G83/><T0/><D0/><U49/><E71/><V82/><F82/><W121/><G121/><N who="0" m="46699" /><D135/><U48/><E132/><V119/><F134/><W53/><G53/><T52/><D52/><U116/><E84/><N who="0" m="32329" /><D124/><N who="3" m="47721" /><G108/><T127/><D127/><U73/><E78/><V76/><F76/><W43/><G110/><T129/><D129/><U105/><E73/><V36/><F36/><W89/><G43/><T26/><D26/><U14/><E8/><N who="2" m="2135" /><F128/><W97/><G64/><T69/><D69/><U101/><E105/><V74/><F74/><W81/><G60/><T133/><D133/><U16/><REACH who="1" step="1"/><E116/><REACH who="1" ten="342,65,277,306" step="2"/><V42/><F10/><W90/><G75/><T40/><D72/><U77/><E77/><V4/><F119/><W67/><G118/><T111/><D111/><U68/><E68/><V50/><F117/><W31/><G79/><T13/><D107/><U37/><E37/><V35/><F50/><W46/><G106/><T21/><D98/><U20/><E20/><V94/><F35/><W27/><G97/><T55/><D21/><U25/><E25/><V86/><F33/><RYUUKYOKU ba="1,1" sc="342,-10,65,30,277,-10,306,-10" hai1="11,14,16,23,24,48,49,54,58,63,95,99,101" /><INIT seed="5,2,1,2,1,38" ten="332,95,267,296" oya="1" hai0="46,30,120,110,116,111,84,53,16,112,106,102,23" hai1="20,85,22,50,95,25,74,9,32,3,131,123,55" hai2="134,19,63,4,101,122,70,40,43,107,67,92,47" hai3="29,125,99,8,133,79,54,114,93,71,52,35,129"/><U34/><E74/><V31/><F122/><W62/><G114/><T117/><D102/><U49/><E123/><V75/><F75/><W57/><G71/><T15/><D106/><U24/><E131/><V10/><F134/><W41/><G133/><T105/><D105/><U26/><E3/><V69/><F69/><W135/><G135/><T118/><D120/><U89/><E9/><V51/><F31/><W104/><G104/><T58/><D112/><U6/><E6/><V17/><F107/><W88/><G129/><T127/><D127/><U27/><N who="1" m="6144" /><DORA hai="42" /><U121/><E121/><V61/><F61/><W128/><G35/><T108/><D30/><U65/><E65/><V14/><F43/><W0/><G29/><T1/><D1/><U96/><E96/><V39/><F39/><W2/><G41/><T28/><D28/><U66/><E66/><V83/><F83/><W80/><G125/><T48/><REACH who="0" step="1"/><D84/><REACH who="0" ten="322,95,267,296" step="2"/><U60/><E32/><V77/><F77/><W21/><G128/><T98/><D98/><U94/><E34/><V13/><F101/><W130/><G130/><T113/><D113/><U56/><REACH who="1" step="1"/><E95/><REACH who="1" ten="322,85,267,296" step="2"/><V100/><F92/><W18/><G0/><T90/><D90/><U12/><E12/><V7/><F100/><W97/><G2/><T73/><D73/><U5/><E5/><V59/><F70/><W109/><G93/><T103/><D103/><U44/><E44/><AGARI ba="2,3" hai="15,16,23,44,46,48,53,58,108,110,111,116,117,118" machi="44" ten="50,8000,1" yaku="1,1,52,2,54,1,53,0" doraHai="38,42" doraHaiUra="124,36" who="0" fromWho="1" sc="322,116,85,-86,267,0,296,0" owari="438,53.0,-1,-50.0,267,-13.0,296,10.0" /></mjloggm>