<mjloggm ver="2.3"><GO type="169" lobby="0"/><UN n0="%E3%81%97%E3%82%87%E3%81%93%E3%81%97%E3%82%87%E3%81%93" n1="%E8%B5%A4%E5%9D%82%E3%83%86%E3%83%B3%E3%83%91%E3%82%A4" n2="%E5%A0%B4%E6%B3%81%E5%8E%A8" n3="%E3%82%AB%E3%83%AB%E3%83%AD%E3%83%BB%E3%83%91%E3%83%94%E3%82%B3" dan="17,16,17,16" rate="2198.43,2069.57,2158.43,2079.96" sx="M,M,F,F"/><TAIKYOKU oya="0"/><INIT seed="0,0,0,5,0,69" ten="250,250,250,250" oya="0" hai0="31,51,35,109,67,130,20,11,33,113,27,55,38" hai1="75,16,91,37,117,39,97,87,116,123,22,125,70" hai2="12,56,53,106,30,83,112,103,118,40,79,77,42" hai3="21,48,13,115,50,29,94,47,1,68,28,9,58"/><T54/><D113/><U119/><E123/><V0/><F0/><W74/><G115/><T6/><D130/><U89/><E75/><V49/><F112/><W18/><G68/><T32/><D67/><U122/><E70/><V25/><F118/><W104/><G104/><T114/><D114/><U98/><E122/><V62/><F77/><W52/><G74/><T80/><D109/><U63/><E63/><V8/><F62/><W60/><G50/><T88/><D38/><U101/><E125/><V82/><F103/><W41/><G1/><T59/><D55/><U121/><E121/><V90/><F90/><W131/><G131/><T23/><D23/><U43/><E43/><V129/><F106/><W124/><G124/><T96/><D80/><U100/><E119/><V92/><F92/><W71/><G94/><T93/><REACH who="0" step="1"/><D32/><REACH who="0" ten="240,250,250,250" step="2"/><U86/><E22/><N who="2" m="15671" /><F83/><W126/><G126/><T10/><D10/><U128/><E128/><V61/><F129/><W85/><G71/><T133/><D133/><U17/><AGARI ba="0,1" hai="16,17,37,39,86,87,89,91,97,98,100,101,116,117" machi="17" ten="25,12000,2" yaku="0,1,22,2,52,2,54,1" doraHai="69" who="1" fromWho="1" sc="240,-60,250,130,250,-30,250,-30" /><INIT seed="1,0,0,2,0,20" ten="180,380,220,220" oya="1" hai0="77,82,2,66,67,114,127,44,64,112,0,14,57" hai1="80,92,50,11,21,33,85,94,46,115,118,29,52" hai2="1,41,76,125,22,96,91,109,134,36,124,135,53" hai3="111,86,106,107,39,113,83,23,74,121,28,99,133"/><U120/><E115/><V97/><F1/><W26/><G113/><T89/><D127/><N who="2" m="48714" /><F53/><W110/><G121/><T88/><D0/><U37/><E118/><V93/><F41/><W31/><G133/><N who="2" m="50697" /><F36/><W6/><G74/><T129/><D2/><U27/><E120/><V105/><F22/><W61/><G39/><T25/><D114/><U81/><E37/><V38/><F38/><W69/><G6/><T40/><D112/><U45/><E45/><V72/><F109/><N who="3" m="41483" /><G99/><T13/><D57/><U30/><E11/><V42/><F42/><W98/><G98/><T54/><D54/><U63/><E63/><V119/><F119/><W130/><G31/><T51/><D13/><U12/><E81/><N who="2" m="45191" /><F97/><W79/><G61/><T43/><D14/><U49/><E50/><V9/><F9/><W101/><G28/><T32/><D40/><U34/><E30/><V87/><F96/><W95/><G23/><T58/><D32/><U7/><E34/><V55/><F55/><W68/><G69/><T59/><D51/><U108/><E108/><V116/><F116/><W123/><G68/><T103/><D43/><U8/><E33/><V128/><F105/><W48/><G106/><T47/><D67/><U56/><E56/><V18/><F18/><W5/><G107/><T16/><D58/><U132/><E132/><V73/><F73/><W35/><G48/><T3/><D64/><U75/><E75/><V122/><F122/><W90/><G123/><T60/><D66/><U71/><E71/><V70/><F70/><W131/><G35/><T100/><D59/><U62/><E62/><RYUUKYOKU ba="0,0" sc="180,-15,380,15,220,15,220,-15" hai1="7,8,12,21,27,29,46,49,52,80,85,92,94" hai2="87,91,93,128" /><INIT seed="1,1,0,1,4,19" ten="165,395,235,205" oya="1" hai0="3,74,59,15,116,11,99,131,135,25,86,82,68" hai1="0,17,35,85,80,93,133,70,33,5,69,127,102" hai2="44,55,110,73,1,32,42,58,29,50,84,24,111" hai3="88,30,89,81,124,104,61,20,126,121,37,101,91"/><U2/><E102/><V122/><F73/><W54/><G121/><T108/><D68/><N who="1" m="26219" /><E93/><V109/><F1/><N who="1" m="617" /><E17/><V53/><F122/><W52/><G37/><T47/><D108/><U63/><E63/><V123/><F123/><W66/><G101/><T40/><D131/><U7/><E85/><V67/><F84/><W31/><G104/><T77/><D135/><U14/><E14/><V100/><F100/><W113/><G81/><T128/><D128/><U119/><E80/><V97/><F97/><W10/><G10/><T16/><D116/><U115/><E119/><V23/><F32/><N who="1" m="12361" /><E133/><V43/><F67/><W27/><G89/><T95/><D3/><U41/><E41/><V71/><F71/><N who="3" m="42447" /><G88/><T114/><D59/><U18/><E18/><V39/><F39/><W72/><G91/><T8/><D8/><U105/><E105/><V132/><F132/><W64/><G64/><T56/><D56/><U75/><E75/><V79/><F79/><W125/><G72/><T38/><D74/><U45/><E45/><V98/><F98/><W65/><G65/><T120/><D120/><U36/><E36/><V112/><F112/><W130/><G130/><T107/><D114/><U26/><E115/><V134/><REACH who="2" step="1"/><F134/><REACH who="2" ten="165,395,225,205" step="2"/><W49/><G113/><T78/><D78/><U13/><E127/><V94/><F94/><W118/><G118/><T60/><D107/><U62/><E13/><V4/><F4/><W96/><G96/><T22/><D99/><U34/><E7/><V83/><F83/><W28/><G49/><AGARI ba="1,1" hai="23,24,29,42,43,44,49,50,53,55,58,109,110,111" machi="49" ten="40,5200,0" yaku="1,1,14,1,52,1,53,0" doraHai="19" doraHaiUra="129" who="2" fromWho="3" sc="165,0,395,0,225,65,205,-55" /><INIT seed="2,0,0,5,0,83" ten="165,395,290,150" oya="2" hai0="59,100,99,55,79,101,9,14,104,63,37,23,25" hai1="81,67,121,85,58,97,108,125,95,3,76,51,61" hai2="66,15,93,56,102,18,106,62,2,91,134,126,135" hai3="32,128,0,109,47,98,123,115,65,21,33,119,69"/><V46/><F2/><W64/><G0/><T86/><D37/><U113/><E3/><V52/><F126/><W22/><G119/><T116/><D116/><U34/><E34/><V112/><F112/><W12/><G115/><T75/><D75/><U120/><E113/><V114/><F114/><W43/><G123/><N who="1" m="47178" /><E108/><V78/><F78/><W50/><G109/><T44/><D44/><U129/><E129/><V13/><F106/><W84/><G128/><T80/><D99/><U89/><E51/><N who="2" m="28791" /><F102/><W96/><G33/><T7/><REACH who="0" step="1"/><D104/><REACH who="0" ten="155,395,290,150" step="2"/><U57/><E125/><V42/><F42/><W16/><G32/><T111/><D111/><U70/><AGARI ba="0,1" hai="57,58,61,67,70,76,81,85,89,95,97" m="47178" machi="70" ten="30,2000,0" yaku="13,1,52,1" doraHai="83" who="1" fromWho="1" sc="155,-5,395,30,290,-10,150,-5" /><INIT seed="3,0,0,2,3,49" ten="150,425,280,145" oya="3" hai0="23,41,94,116,57,27,59,101,70,38,105,13,10" hai1="72,76,58,45,18,44,93,32,96,108,4,62,65" hai2="106,83,1,66,134,81,115,46,119,129,79,131,85" hai3="102,37,53,78,125,67,48,80,47,55,110,50,114"/><W118/><G114/><T103/><D105/><U86/><E32/><V7/><F66/><W122/><G118/><T68/><D116/><U121/><E121/><V21/><F119/><W69/><G122/><T60/><D41/><U14/><E108/><V34/><F34/><W107/><G110/><T43/><D43/><U112/><E72/><V36/><F106/><W75/><G125/><T84/><D38/><U17/><E4/><V22/><F134/><W128/><G37/><T130/><D57/><U104/><E104/><V87/><F115/><W71/><G67/><T20/><D20/><N who="1" m="11319" /><E18/><V133/><F133/><W111/><G111/><T28/><D130/><U97/><E97/><V40/><F7/><W0/><G0/><T16/><D103/><N who="1" m="60815" /><E112/><V95/><F95/><W120/><G128/><N who="2" m="49225" /><F1/><W77/><G120/><T9/><D9/><U132/><E132/><V35/><F35/><W74/><G107/><T2/><D2/><U99/><E99/><V123/><F123/><W135/><G135/><T90/><REACH who="0" step="1"/><D101/><REACH who="0" ten="140,425,280,145" step="2"/><U8/><E8/><V25/><F25/><W19/><G102/><T39/><D39/><U26/><E26/><V3/><F3/><W42/><G42/><T117/><D117/><U91/><E76/><AGARI ba="0,1" hai="21,22,36,40,46,76,79,81,83,85,87" m="49225" machi="76" ten="30,1000,0" yaku="19,1" doraHai="49" who="2" fromWho="1" sc="140,0,425,-10,280,20,145,0" /><INIT seed="4,0,0,3,0,35" ten="140,415,300,145" oya="0" hai0="53,129,131,80,58,125,14,126,85,40,109,89,91" hai1="5,27,1,68,122,118,51,26,59,15,61,94,105" hai2="46,103,25,114,108,47,111,73,92,101,17,127,86" hai3="24,21,113,112,13,22,45,71,104,23,4,99,56"/><T132/><D109/><U78/><E105/><V36/><F73/><W84/><G71/><T64/><D64/><U54/><E118/><V9/><F114/><N who="3" m="44139" /><G45/><T74/><D40/><U33/><E122/><V76/><F127/><N who="0" m="48650" /><D14/><U52/><E33/><V123/><F123/><W115/><G115/><T0/><D0/><U106/><E106/><V30/><F36/><W20/><G84/><N who="0" m="50311" /><D74/><U128/><E1/><V83/><F108/><W48/><G4/><T93/><D53/><U95/><E68/><V70/><F70/><W63/><G13/><T117/><D58/><N who="1" m="33055" /><E78/><V120/><F120/><W72/><G72/><T49/><D49/><U66/><E66/><V2/><F2/><W19/><G48/><T32/><D32/><U98/><E54/><V96/><F47/><W42/><G42/><T31/><D31/><U119/><E59/><V18/><F46/><W79/><G79/><T8/><D8/><U65/><E65/><V69/><F69/><W135/><G56/><T50/><D50/><U57/><E57/><V133/><F9/><W43/><G63/><T34/><D34/><U12/><E61/><V100/><F111/><W41/><G43/><T44/><D44/><U116/><E15/><V28/><F28/><W107/><G41/><T90/><D117/><U75/><E12/><V124/><F124/><W110/><G110/><T102/><D102/><U16/><E116/><V67/><F103/><W10/><G10/><T62/><D132/><U134/><E119/><V38/><F133/><W97/><G135/><T39/><D39/><U88/><E134/><V82/><F38/><RYUUKYOKU ba="0,0" sc="140,-10,415,-10,300,-10,145,30" hai3="19,20,21,22,23,24,97,99,104,107" /><INIT seed="5,1,0,2,5,123" ten="130,405,290,175" oya="1" hai0="128,3,107,95,113,62,125,18,55,39,93,45,28" hai1="42,117,64,43,48,58,103,11,40,130,72,109,6" hai2="59,9,127,67,116,106,78,1,91,21,84,79,34" hai3="61,65,89,30,124,121,31,49,110,51,104,120,82"/><U25/><E72/><V134/><F34/><W53/><G104/><T102/><D3/><U114/><E117/><V119/><F106/><W57/><G124/><T32/><D125/><U74/><E74/><V7/><F127/><W2/><G2/><T126/><D126/><U100/><E114/><V112/><F134/><W54/><G82/><T63/><D113/><U101/><E130/><V14/><F112/><W24/><G89/><T80/><D107/><U131/><E131/><V26/><F1/><W37/><G37/><T35/><D28/><U75/><E75/><V85/><F85/><W66/><G24/><T105/><D105/><U88/><E25/><V29/><F116/><W13/><G57/><T132/><D132/><U16/><E6/><V60/><REACH who="2" step="1"/><F119/><REACH who="2" ten="130,405,280,175" step="2"/><W99/><G121/><T122/><D35/><U73/><E73/><V108/><F108/><W92/><G110/><T77/><D32/><U17/><E109/><V33/><F33/><W23/><G120/><T115/><D122/><U15/><E17/><V46/><F46/><W12/><G31/><T76/><D115/><U90/><REACH who="1" step="1"/><E48/><REACH who="1" ten="130,395,280,175" step="2"/><V118/><F118/><W96/><G51/><T56/><D18/><U22/><E22/><V68/><F68/><W111/><G49/><T83/><D128/><U8/><E8/><V0/><F0/><W135/><G111/><T47/><D39/><U50/><E50/><V70/><F70/><W10/><G10/><T87/><D45/><U86/><E86/><V81/><AGARI ba="1,2" hai="7,9,14,21,26,29,59,60,67,78,79,81,84,91" machi="81" ten="20,8000,1" yaku="1,1,0,1,7,1,8,1,53,1" doraHai="123" doraHaiUra="5" who="2" fromWho="2" sc="130,-21,395,-41,280,103,175,-21" /><INIT seed="6,0,0,1,4,6" ten="109,354,383,154" oya="2" hai0="21,67,41,47,106,118,2,125,69,38,83,103,94" hai1="33,107,112,4,132,3,82,116,11,102,115,121,71" hai2="130,20,127,58,80,14,26,55,40,59,119,101,99" hai3="100,29,117,43,45,35,1,73,64,65,49,31,46"/><V126/><F119/><W34/><G117/><T95/><D118/><U104/><E121/><V113/><F113/><N who="1" m="43593" /><E132/><V78/><F40/><W89/><G73/><T9/><D125/><N who="2" m="47626" /><F130/><W22/><G1/><T44/><D106/><N who="1" m="40491" /><E102/><V131/><F131/><W62/><G100/><T5/><D103/><U17/><E116/><V79/><F14/><W129/><G89/><T8/><D44/><U76/><E17/><N who="2" m="12559" /><F55/><W52/><G43/><T96/><D96/><U122/><E122/><V109/><F78/><W13/><G13/><T66/><D21/><U97/><E97/><V24/><F24/><W60/><G22/><T30/><D30/><U68/><E33/><V87/><F109/><W85/><G52/><T81/><D66/><U12/><E12/><V54/><F54/><W18/><G129/><T63/><D81/><U108/><E108/><V111/><F111/><W90/><G65/><T110/><D110/><U15/><E15/><V133/><F133/><W75/><G64/><T72/><D8/><U114/><N who="1" m="43601" /><U105/><N who="1" m="40499" /><AGARI ba="0,0" hai="58,59,79,80,87,99,101,105" m="12559,47626" machi="105" ten="30,2900,0" yaku="3,1,18,1" doraHai="6" who="2" fromWho="1" sc="109,0,354,-29,383,29,154,0" /><INIT seed="6,1,0,5,2,49" ten="109,325,412,154" oya="2" hai0="32,65,43,119,90,97,76,10,0,82,113,37,11" hai1="128,17,39,35,107,2,81,71,30,125,116,100,101" hai2="36,112,20,33,9,13,79,31,84,88,92,69,121" hai3="108,58,23,55,1,106,57,18,85,115,135,27,109"/><V19/><F121/><W122/><G122/><T104/><D119/><U72/><RYUUKYOKU type="yao9" ba="1,0" sc="109,0,325,0,412,0,154,0" hai1="2,17,30,35,39,71,72,81,100,101,107,116,125,128" /><INIT seed="6,2,0,0,1,12" ten="109,325,412,154" oya="2" hai0="84,39,29,37,71,1,32,66,35,20,53,8,13" hai1="122,133,25,62,131,61,63,129,43,94,45,11,28" hai2="52,83,105,46,74,123,68,82,10,101,19,14,3" hai3="9,30,59,76,80,106,100,87,91,88,47,31,6"/><V114/><F123/><W49/><G106/><T124/><D124/><U58/><E122/><V34/><F68/><W17/><G100/><T60/><D35/><U134/><E11/><V78/><F34/><W22/><G59/><T113/><D113/><U102/><E94/><V51/><F3/><W27/><G31/><T16/><D53/><N who="1" m="33999" /><E102/><V135/><F135/><N who="1" m="51721" /><E25/><V104/><F114/><W130/><G30/><T50/><D50/><N who="1" m="26943" /><E28/><V2/><F2/><W118/><G118/><T41/><D41/><U97/><E97/><V42/><F101/><W36/><G36/><T26/><D84/><U18/><E18/><V77/><F42/><N who="3" m="24823" /><G130/><AGARI ba="2,0" hai="62,63,129,130,131" m="26943,51721,33999" machi="130" ten="30,7700,0" yaku="19,1,20,1,34,2" doraHai="12" who="1" fromWho="3" sc="109,0,325,83,412,0,154,-83" /><INIT seed="7,0,0,1,2,5" ten="109,408,412,71" oya="3" hai0="87,9,18,54,29,10,135,63,44,98,64,65,78" hai1="110,15,104,42,72,68,76,43,114,8,27,128,59" hai2="14,80,38,39,74,77,67,45,37,73,35,116,102" hai3="120,92,119,31,56,66,107,84,115,52,118,30,62"/><W111/><G120/><T17/><D135/><U71/><E110/><V75/><F116/><W34/><G107/><T109/><D109/><U82/><E104/><V6/><F102/><W112/><G111/><T129/><D29/><N who="3" m="10761" /><G34/><T94/><D129/><U53/><E27/><V20/><F35/><W55/><G92/><T46/><D17/><U81/><E81/><V47/><F67/><N who="0" m="25674" /><D18/><U41/><E128/><V79/><F20/><W28/><N who="3" m="10769" /><W11/><DORA hai="113" /><G84/><T96/><D96/><U101/><E101/><V83/><F73/><W40/><G40/><T117/><D117/><N who="3" m="44553" /><G11/><AGARI ba="0,0" hai="6,11,14,37,38,39,45,47,74,75,77,79,80,83" machi="11" ten="40,2600,0" yaku="9,1,52,1" doraHai="5,113" who="2" fromWho="3" sc="109,0,408,0,412,26,71,-26" owari="109,-29.0,408,21.0,438,53.0,45,-45.0" /></mjloggm>