<mjloggm ver="2.3"><GO type="169" lobby="0"/><UN n0="%6B%61%31%30%73" n1="%E3%81%84%E3%83%BC%E3%81%AF%E3%82%93" n2="%E4%B8%8A%E6%B5%B7%E3%83%8B%E3%83%83%E3%82%AF" n3="%4D%4D%44%54%30%37%31%35" dan="17,16,16,16" rate="2164.56,2100.40,2097.48,2173.64" sx="M,M,M,M"/><TAIKYOKU oya="0"/><INIT seed="0,0,0,5,1,42" ten="250,250,250,250" oya="0" hai0="130,75,39,88,8,127,120,23,69,103,50,54,74" hai1="97,133,106,62,34,116,77,134,40,110,24,117,100" hai2="13,122,82,108,43,0,79,121,15,28,47,113,81" hai3="44,32,73,111,10,125,114,2,68,98,76,102,30"/><T90/><D120/><U37/><E110/><V71/><F113/><W115/><G125/><T27/><D127/><U9/><E77/><V36/><F108/><W60/><G111/><T118/><D118/><N who="1" m="45675" /><E62/><V132/><F132/><W46/><G73/><T99/><D75/><U112/><E9/><V1/><F71/><W94/><G76/><T16/><D74/><U45/><E112/><V85/><F28/><AGARI ba="0,0" hai="24,28,34,37,40,45,97,100,106,133,134" m="45675" machi="28" ten="30,2000,0" yaku="23,1,52,1" doraHai="42" who="1" fromWho="2" sc="250,0,250,20,250,-20,250,0" /><INIT seed="1,0,0,3,0,122" ten="250,270,230,250" oya="1" hai0="128,10,98,125,43,42,37,106,19,0,23,58,97" hai1="33,5,25,59,103,44,120,71,24,1,60,99,64" hai2="66,110,15,69,28,29,65,51,119,45,124,47,30" hai3="105,27,52,109,35,14,62,131,82,32,81,91,102"/><U50/><E120/><V6/><F119/><W36/><G36/><T130/><D58/><U78/><E78/><V2/><F2/><W118/><G118/><T107/><D10/><U123/><E123/><V126/><F6/><W72/><G131/><N who="0" m="50219" /><D0/><U38/><E38/><V7/><F7/><W16/><G105/><N who="0" m="39947" /><D125/><N who="2" m="48234" /><F15/><W95/><G72/><T74/><D74/><U111/><E111/><V116/><F116/><W132/><G109/><T40/><D37/><U55/><E1/><V75/><F75/><W20/><G102/><T3/><D3/><U134/><E5/><V53/><F69/><W94/><G132/><T89/><D89/><U90/><E90/><V73/><F73/><W48/><G62/><T11/><D11/><U56/><E134/><V100/><F100/><W68/><G68/><T46/><D46/><N who="2" m="17418" /><F110/><W80/><G91/><T115/><D115/><U41/><E71/><V21/><F21/><N who="3" m="11415" /><G35/><T88/><D88/><U61/><REACH who="1" step="1"/><E33/><REACH who="1" ten="250,260,230,250" step="2"/><V39/><F39/><W8/><G32/><T79/><D79/><U83/><E83/><V76/><F76/><W133/><G81/><T49/><D49/><U22/><E22/><V129/><F129/><W112/><G82/><T54/><D23/><U67/><E67/><N who="2" m="25611" /><F51/><W108/><G48/><T117/><D117/><U31/><E31/><V63/><F63/><W96/><G80/><T9/><D9/><U86/><E86/><V34/><F34/><W17/><G8/><T12/><D19/><U85/><E85/><V135/><F135/><W70/><G133/><T57/><D12/><U93/><AGARI ba="0,1" hai="24,25,41,44,50,55,56,59,60,61,64,93,99,103" machi="93" ten="20,7800,0" yaku="1,1,0,1,7,1,8,1,53,0" doraHai="122" doraHaiUra="87" who="1" fromWho="1" sc="250,-26,260,88,230,-26,250,-26" /><INIT seed="1,1,0,5,4,31" ten="224,348,204,224" oya="1" hai0="100,108,53,94,114,42,116,103,47,57,34,68,2" hai1="30,127,69,33,24,74,45,5,133,131,87,122,77" hai2="107,41,104,73,52,71,96,14,135,128,98,7,120" hai3="25,118,67,84,91,134,62,125,121,130,132,119,58"/><U78/><E122/><V56/><F120/><W59/><G125/><T11/><D116/><U129/><E127/><V18/><F71/><W61/><G25/><T28/><D68/><U54/><E133/><N who="3" m="51306" /><G84/><T97/><D114/><U102/><E74/><V113/><F135/><W110/><G91/><T40/><D108/><U126/><E69/><V101/><F128/><N who="1" m="49225" /><E87/><V1/><F73/><W63/><G130/><T16/><D103/><U10/><E102/><V64/><F113/><W15/><G15/><T60/><D2/><N who="1" m="311" /><E126/><V6/><F1/><W50/><G121/><T90/><D100/><U95/><E95/><V79/><F79/><W66/><G110/><T38/><D42/><U124/><E124/><V123/><F41/><W81/><G81/><T17/><REACH who="0" step="1"/><D11/><REACH who="0" ten="214,348,204,224" step="2"/><U37/><E37/><V32/><F123/><W46/><G62/><T105/><D105/><U82/><E82/><V112/><F112/><W86/><G86/><T65/><D65/><U83/><E83/><V22/><F64/><W13/><G119/><T85/><D85/><U0/><E0/><V26/><F107/><W9/><G67/><T99/><D99/><U109/><E109/><V44/><F98/><W92/><G66/><T35/><D35/><U80/><E80/><V117/><F117/><W8/><G92/><T111/><D111/><U75/><E75/><V89/><F104/><W27/><G63/><T49/><D49/><AGARI ba="1,1" hai="24,30,33,45,49,54,77,78" m="311,49225" machi="49" ten="30,2900,0" yaku="19,1,52,1" doraHai="31" who="1" fromWho="0" sc="214,-32,348,42,204,0,224,0" /><INIT seed="1,2,0,5,4,111" ten="182,390,204,224" oya="1" hai0="107,64,135,94,43,59,38,72,99,84,25,126,134" hai1="50,62,33,130,85,66,131,61,47,125,56,119,81" hai2="82,46,3,65,86,75,27,116,18,123,5,101,70" hai3="6,29,22,109,13,53,68,129,30,26,2,49,15"/><U114/><E33/><V52/><F116/><W9/><G68/><T110/><D38/><U51/><E119/><V105/><F123/><W93/><G109/><T10/><D43/><U8/><E125/><V122/><F122/><W78/><G129/><N who="1" m="49162" /><E8/><V28/><F75/><W132/><G132/><T31/><D110/><U44/><E85/><V21/><F5/><W127/><G127/><T55/><D126/><U121/><E81/><V36/><F3/><W80/><G93/><T1/><D10/><U11/><E11/><V74/><F74/><W71/><G71/><T14/><D72/><U77/><E77/><V24/><F36/><W76/><G30/><T41/><D1/><U95/><E95/><V115/><F105/><W88/><G15/><T35/><D84/><U97/><E97/><V90/><F101/><W58/><REACH who="3" step="1"/><G2/><REACH who="3" ten="182,390,204,214" step="2"/><T4/><D94/><U23/><E121/><V16/><F70/><W89/><G89/><T67/><D135/><U100/><E100/><V98/><F98/><W54/><G54/><T83/><D134/><U48/><E66/><V92/><F65/><W0/><G0/><T117/><D117/><U102/><E102/><V7/><F92/><W133/><G133/><T69/><D69/><U37/><E47/><V73/><F46/><W34/><G34/><T112/><D99/><U20/><E44/><V17/><F90/><W79/><G79/><T39/><D35/><U57/><E56/><V106/><F106/><W91/><G91/><T124/><D59/><U40/><E57/><V63/><F52/><W12/><G12/><T128/><D14/><RYUUKYOKU ba="2,1" sc="182,-10,390,-10,204,-10,214,30" hai3="6,9,13,22,26,29,49,53,58,76,78,80,88" /><INIT seed="2,3,1,2,2,81" ten="172,380,194,244" oya="2" hai0="75,89,47,72,111,62,98,10,38,17,58,65,59" hai1="41,40,123,119,69,68,36,16,2,7,73,9,20" hai2="99,60,33,22,102,13,85,66,132,57,14,127,25" hai3="18,120,32,109,134,64,11,55,44,84,101,1,12"/><V108/><F33/><W70/><G120/><T71/><D111/><U4/><E119/><V90/><F132/><W78/><G109/><T31/><D31/><U83/><E123/><V19/><F127/><W110/><G110/><T24/><D75/><U27/><E7/><V96/><F108/><W43/><G134/><T26/><D72/><U50/><E50/><V21/><F102/><W115/><G115/><T129/><D129/><U0/><E0/><V91/><F91/><W46/><G32/><T29/><D38/><U114/><E40/><V100/><F100/><W48/><G1/><T113/><D47/><N who="1" m="23975" /><E114/><V30/><REACH who="2" step="1"/><F14/><REACH who="2" ten="172,380,184,244" step="2"/><W6/><G101/><T128/><D113/><U79/><AGARI ba="3,2" hai="2,4,9,16,20,27,68,69,73,79,83" m="23975" machi="79" ten="30,2000,0" yaku="25,1,54,1" doraHai="81" who="1" fromWho="1" sc="172,-8,380,49,184,-13,244,-8" /><INIT seed="3,0,0,4,5,126" ten="164,429,171,236" oya="3" hai0="90,105,86,52,19,98,24,51,115,92,71,62,121" hai1="99,78,135,114,106,104,94,29,123,97,76,7,47" hai2="40,18,5,125,1,96,88,53,128,25,132,100,37" hai3="17,110,66,12,116,122,103,101,50,43,16,20,124"/><W23/><G116/><T21/><D121/><U85/><E29/><V63/><F125/><W134/><G122/><T77/><D115/><U111/><E47/><V67/><F132/><W13/><G124/><T61/><D71/><U46/><E46/><V36/><F40/><W31/><G134/><T131/><D131/><U102/><E7/><V79/><F79/><W54/><G110/><T68/><D68/><U55/><E55/><V27/><F67/><W69/><G43/><T89/><D77/><U49/><E49/><V42/><F42/><W11/><G69/><T38/><D38/><U93/><E123/><V133/><F100/><W48/><G66/><T70/><D70/><U58/><E58/><N who="2" m="35279" /><F27/><W127/><G127/><T60/><D105/><U26/><E26/><V2/><F128/><W73/><G73/><T84/><REACH who="0" step="1"/><D90/><REACH who="0" ten="154,429,171,236" step="2"/><U107/><E106/><V113/><F113/><W87/><G103/><T6/><D6/><U75/><E102/><V9/><F133/><W59/><G101/><T74/><D74/><U8/><E75/><V120/><F120/><W35/><G35/><T32/><D32/><U81/><E107/><V119/><F119/><W109/><G109/><T0/><D0/><U44/><E104/><V57/><F2/><W33/><G33/><T112/><D112/><U72/><E72/><V64/><F1/><W129/><G129/><T4/><D4/><U117/><E135/><V30/><F5/><W108/><G108/><T118/><D118/><U65/><E111/><V3/><F3/><W10/><G59/><AGARI ba="0,1" hai="19,21,24,51,52,59,60,61,62,84,86,89,92,98" machi="59" ten="40,8000,1" yaku="1,1,8,1,54,1,53,2" doraHai="126" doraHaiUra="83" who="0" fromWho="3" sc="154,90,429,0,171,0,236,-80" /><INIT seed="4,0,0,5,5,19" ten="244,429,171,156" oya="0" hai0="104,14,109,88,13,32,113,65,54,34,102,75,101" hai1="29,37,79,76,87,22,4,90,18,123,132,111,35" hai2="94,23,44,27,41,80,36,134,124,48,49,119,64" hai3="127,31,71,40,114,63,126,72,83,133,74,105,85"/><T3/><D113/><U89/><E123/><V67/><F134/><W112/><G40/><T106/><D75/><U52/><E111/><V62/><F124/><N who="3" m="47659" /><G63/><T98/><D3/><U117/><E117/><V130/><F130/><W95/><G71/><T7/><D109/><U58/><E37/><V2/><F2/><W69/><G31/><T12/><D7/><U116/><E116/><V1/><F1/><W8/><G8/><T24/><D54/><U96/><E4/><V82/><F67/><W39/><G39/><T115/><D115/><N who="3" m="44073" /><G69/><T56/><D24/><U42/><E42/><V97/><F48/><W73/><G133/><T60/><D88/><U21/><E35/><V107/><F36/><W11/><G11/><T131/><D131/><U50/><E29/><V135/><F135/><W121/><G105/><T86/><D106/><U100/><E52/><V6/><F6/><W28/><G28/><T78/><D34/><U0/><E0/><V120/><F107/><W33/><G33/><T110/><D32/><U77/><E18/><V103/><F119/><W5/><G5/><T57/><D110/><U128/><E132/><V68/><REACH who="2" step="1"/><F120/><REACH who="2" ten="244,429,161,156" step="2"/><W92/><G121/><T9/><D104/><U81/><E128/><V125/><F125/><W122/><G122/><T46/><D65/><U118/><E118/><V15/><F15/><W99/><G99/><T59/><D98/><U84/><E96/><V93/><F93/><W53/><G53/><T70/><D13/><U91/><E50/><V61/><F61/><W10/><G10/><T108/><D9/><U20/><E81/><RYUUKYOKU ba="0,1" sc="244,-15,429,-15,161,15,156,15" hai2="23,27,41,44,49,62,64,68,80,82,94,97,103" hai3="72,73,74,83,85,92,95" /><INIT seed="5,1,1,1,4,131" ten="229,414,176,171" oya="1" hai0="9,18,81,86,90,12,26,21,88,59,71,49,48" hai1="33,3,73,69,14,74,43,31,105,47,19,117,134" hai2="72,17,109,100,55,128,114,120,20,16,32,57,51" hai3="10,129,0,38,29,2,132,118,44,5,108,113,61"/><U52/><E3/><V83/><F120/><W7/><G61/><T54/><D71/><U25/><E117/><V65/><F109/><W4/><G44/><T70/><D70/><U68/><E105/><V104/><F32/><W56/><G56/><T53/><D90/><U8/><E73/><V80/><F128/><W103/><G103/><T63/><REACH who="0" step="1"/><D54/><REACH who="0" ten="219,414,176,171" step="2"/><U106/><E69/><V50/><F65/><W11/><G129/><T42/><D42/><U121/><E52/><N who="2" m="31895" /><F114/><W24/><G113/><T82/><D82/><U34/><E43/><V75/><F75/><W22/><G38/><T66/><D66/><U110/><E74/><V130/><F72/><W93/><G118/><T89/><D89/><U23/><E68/><V127/><F130/><W126/><G108/><T124/><D124/><U46/><E110/><V78/><F127/><W13/><G126/><T41/><D41/><U91/><E91/><V37/><F83/><W58/><G93/><T45/><D45/><U35/><E47/><N who="2" m="28159" /><F104/><W85/><G58/><T96/><D96/><U39/><E106/><V101/><F37/><W112/><G85/><T99/><D99/><U6/><E39/><V27/><F80/><W119/><G112/><T125/><D125/><U30/><E46/><V123/><F123/><W94/><G94/><T40/><D40/><U60/><E121/><V36/><F36/><W76/><G119/><T87/><D87/><U92/><E92/><V97/><F97/><W98/><G98/><T77/><D77/><U1/><E60/><V116/><F78/><W62/><G76/><T133/><D133/><RYUUKYOKU ba="1,2" sc="219,30,414,-10,176,-10,171,-10" hai0="9,12,18,21,26,48,49,53,59,63,81,86,88" /><INIT seed="6,2,2,0,1,20" ten="249,404,166,161" oya="2" hai0="66,74,78,14,120,40,41,36,124,129,10,88,84" hai1="95,114,2,1,47,85,24,67,106,45,135,108,68" hai2="51,5,122,21,91,31,107,44,118,42,17,46,80" hai3="64,75,110,16,115,104,103,29,105,111,0,96,27"/><V8/><F118/><W93/><G115/><T117/><D124/><U133/><E106/><V123/><F107/><W134/><G134/><T102/><D129/><U30/><E108/><V119/><F31/><W109/><G0/><T94/><D120/><U73/><E73/><V81/><F119/><W101/><G75/><T33/><D33/><U19/><E68/><V34/><F34/><W131/><G131/><T121/><D121/><U13/><E67/><V82/><F46/><W71/><G101/><T100/><D66/><U37/><E37/><V76/><F91/><W25/><G71/><T61/><D61/><U86/><E30/><V43/><F43/><W54/><G64/><T89/><D89/><U125/><E47/><V99/><F99/><W26/><G54/><T57/><D41/><U128/><E45/><V65/><F65/><W69/><G69/><T18/><D40/><U9/><E128/><V70/><F70/><W62/><G62/><T77/><D36/><U63/><E63/><V126/><F126/><W3/><G3/><T53/><D74/><U35/><E125/><V59/><F59/><W50/><G50/><N who="0" m="30903" /><D117/><U90/><E35/><V87/><F123/><W116/><G116/><T39/><D39/><U23/><E135/><V72/><F72/><W4/><G4/><T130/><D130/><U52/><E2/><N who="2" m="55" /><F122/><W22/><REACH who="3" step="1"/><G29/><REACH who="3" ten="249,404,166,151" step="2"/><T11/><D102/><U6/><E1/><V79/><F76/><W127/><G127/><T7/><D100/><U38/><E6/><V49/><F49/><W132/><G132/><T58/><D58/><U32/><E133/><RYUUKYOKU ba="2,3" sc="249,10,404,-30,166,10,151,10" hai0="7,10,11,14,18,77,78,84,88,94" hai2="17,21,42,44,51,79,80,81,82,87" hai3="16,22,25,26,27,93,96,103,104,105,109,110,111" /><INIT seed="6,3,3,1,1,72" ten="259,374,176,161" oya="2" hai0="39,52,100,68,76,107,110,65,49,35,63,116,10" hai1="41,45,124,22,112,111,94,109,91,24,99,105,113" hai2="83,5,47,104,119,50,23,108,4,21,103,18,88" hai3="32,95,67,78,0,2,19,132,26,38,53,14,46"/><V55/><F119/><W25/><G67/><T89/><D110/><U70/><E105/><V115/><F115/><N who="1" m="44105" /><E70/><V131/><F108/><W11/><G132/><T30/><D89/><U74/><E74/><V7/><F131/><W118/><G118/><T135/><D10/><U128/><E128/><V121/><F121/><W123/><G123/><T92/><D92/><U66/><E66/><V130/><F130/><W6/><G95/><T90/><D90/><U17/><E124/><V93/><F104/><W8/><G53/><T71/><D71/><U42/><E42/><V97/><REACH who="2" step="1"/><F18/><REACH who="2" ten="259,374,166,161" step="2"/><W61/><G19/><T13/><D116/><U59/><E111/><V96/><F96/><W81/><G6/><T80/><D107/><U62/><E109/><V51/><F51/><W57/><G38/><T40/><D39/><U73/><E17/><V134/><F134/><W126/><G126/><T44/><D135/><U20/><E99/><V43/><F43/><W82/><G61/><T133/><D133/><U75/><E41/><V48/><F48/><W29/><G29/><T102/><D40/><U127/><E62/><V106/><F106/><W58/><G46/><T27/><D13/><U3/><E45/><V16/><F16/><W79/><REACH who="3" step="1"/><G14/><REACH who="3" ten="259,374,166,151" step="2"/><T28/><D30/><U77/><E127/><V9/><F9/><W1/><G1/><T120/><D120/><U60/><E3/><V85/><AGARI ba="3,5" hai="4,5,7,21,23,47,50,55,83,85,88,93,97,103" machi="85" ten="30,11700,0" yaku="1,1,0,1,8,1,54,1,53,0" doraHai="72" doraHaiUra="31" who="2" fromWho="2" sc="259,-42,374,-42,166,176,151,-42" /><INIT seed="6,4,0,4,1,35" ten="217,332,342,109" oya="2" hai0="124,4,71,3,91,134,131,104,121,103,135,36,7" hai1="73,126,115,102,120,107,76,127,18,8,62,77,10" hai2="12,16,51,53,34,95,78,75,85,59,49,28,39" hai3="87,117,118,40,80,67,111,57,86,22,46,27,116"/><V90/><F39/><W112/><G111/><T94/><D71/><U96/><E115/><V128/><F128/><W64/><G112/><T38/><D121/><U70/><E120/><V58/><F34/><W24/><G57/><T56/><D103/><U26/><E73/><V98/><F28/><W54/><G54/><T50/><D104/><U69/><E26/><V41/><F75/><W9/><G9/><N who="1" m="3690" /><E18/><V133/><F133/><W101/><G101/><T106/><D106/><U23/><E23/><N who="2" m="11655" /><F41/><W79/><G86/><T21/><D131/><U0/><E0/><V61/><F59/><W109/><G109/><T84/><D56/><U44/><E44/><V97/><F78/><W88/><G79/><T55/><D38/><U6/><E70/><V82/><F82/><W37/><REACH who="3" step="1"/><G24/><REACH who="3" ten="217,332,342,99" step="2"/><T122/><D135/><U100/><E77/><V19/><F85/><W129/><G129/><T2/><D134/><U108/><E76/><V130/><F130/><W123/><G123/><T66/><D122/><U43/><E108/><V72/><F72/><W99/><G99/><T1/><D55/><U42/><E69/><V65/><F98/><W31/><AGARI ba="4,1" hai="22,27,31,37,40,46,64,67,80,87,88,116,117,118" machi="31" ten="30,4000,0" yaku="1,1,0,1,54,1,53,0" doraHai="35" doraHaiUra="11" who="3" fromWho="3" sc="217,-14,332,-14,342,-24,99,62" /><INIT seed="7,0,0,5,1,22" ten="203,318,318,161" oya="3" hai0="96,80,49,126,117,111,129,65,83,41,56,8,52" hai1="57,47,132,32,61,9,12,109,134,7,76,37,75" hai2="130,13,2,45,43,63,89,107,58,48,90,21,91" hai3="125,55,122,116,62,120,114,5,68,133,10,104,71"/><W127/><G104/><T115/><D117/><U124/><E109/><V60/><F2/><W64/><G5/><T19/><D111/><U30/><E124/><N who="3" m="47690" /><G10/><T81/><D129/><U98/><E98/><V82/><F107/><W27/><G27/><T73/><D126/><U78/><E47/><V16/><F130/><W131/><G131/><T84/><D115/><U34/><E37/><V103/><F103/><W31/><G31/><T4/><D41/><U87/><E75/><V105/><F105/><W110/><G116/><T97/><D73/><U59/><E30/><V36/><F36/><W33/><G33/><T95/><D65/><U26/><E26/><V38/><F38/><W67/><G110/><T118/><D118/><U46/><E87/><N who="2" m="50423" /><F63/><N who="3" m="40063" /><G133/><T106/><D106/><U123/><E34/><V108/><F108/><W128/><G128/><T53/><D4/><U93/><E9/><V112/><F112/><W102/><G102/><T121/><D8/><U79/><E32/><V72/><F72/><W113/><G55/><AGARI ba="0,0" hai="13,16,21,43,45,48,55,58,60,90,91" m="50423" machi="55" ten="30,2000,0" yaku="8,1,54,1" doraHai="22" who="2" fromWho="3" sc="203,0,318,0,318,20,161,-20" owari="203,-20.0,318,12.0,338,44.0,141,-36.0" /></mjloggm>