<mjloggm ver="2.3"><GO type="169" lobby="0"/><UN n0="%E3%82%89%E3%81%84%E3%81%82%30%32%30%36" n1="%E7%9C%9F%E3%81%AE%E9%9B%80%E5%A3%AB%E3%81%86%E3%81%BE%E3%81%9F%E3%82%93" n2="%E5%8F%8B%E4%BA%BA%45" n3="%69%54%65%6E%68%6F%75" dan="16,17,16,16" rate="2168.61,2203.05,2084.52,2181.82" sx="F,M,F,M"/><TAIKYOKU oya="0"/><INIT seed="0,0,0,4,3,65" ten="250,250,250,250" oya="0" hai0="57,131,104,128,126,53,111,47,10,51,67,80,20" hai1="71,121,115,77,32,129,36,125,76,87,39,97,82" hai2="118,18,103,40,12,83,41,95,64,2,33,78,7" hai3="42,17,5,35,60,23,14,24,109,31,6,25,37"/><T91/><D104/><U132/><E121/><V61/><F33/><W89/><G89/><T135/><D20/><U123/><E32/><V73/><F118/><W55/><G109/><T27/><D27/><U98/><E123/><V1/><F1/><W105/><G105/><T46/><D10/><U49/><E125/><V96/><F7/><N who="3" m="2571" /><G37/><T3/><D3/><U122/><E122/><V74/><F74/><W69/><G42/><T100/><D100/><U113/><E129/><N who="0" m="49737" /><D135/><U114/><E132/><V16/><F2/><W119/><G69/><T85/><D126/><U81/><E49/><V110/><F110/><W13/><G60/><N who="0" m="38287" /><D111/><U79/><E71/><V66/><F66/><W124/><G55/><T11/><D11/><U8/><E8/><V0/><F0/><W29/><G124/><T4/><D4/><U72/><REACH who="1" step="1"/><E79/><REACH who="1" ten="250,240,250,250" step="2"/><V9/><F18/><N who="3" m="10703" /><G119/><T99/><D99/><AGARI ba="0,1" hai="36,39,72,76,77,81,82,87,97,98,99,113,114,115" machi="99" ten="40,2600,0" yaku="1,1,11,1,53,0" doraHai="65" doraHaiUra="127" who="1" fromWho="0" sc="250,-26,240,36,250,0,250,0" /><INIT seed="1,0,0,0,2,129" ten="224,276,250,250" oya="1" hai0="74,44,125,110,131,115,107,83,3,118,30,75,121" hai1="7,11,103,45,51,71,13,105,102,76,20,97,132" hai2="64,106,5,15,117,31,2,61,52,34,8,27,72" hai3="50,54,41,28,123,37,56,67,84,39,112,81,63"/><U12/><E71/><V42/><F117/><W128/><G123/><T38/><D30/><U120/><E120/><V36/><F106/><W14/><G112/><T18/><D18/><U79/><E103/><V130/><F72/><W80/><G128/><T25/><D25/><U89/><E89/><V119/><F119/><W53/><G28/><T17/><D17/><U23/><E132/><V78/><F130/><W24/><G24/><T91/><D91/><U58/><E58/><V85/><F42/><W6/><G81/><T10/><D10/><U116/><E116/><V59/><F36/><W4/><G37/><T96/><D96/><U104/><E104/><V108/><F108/><W40/><G39/><T19/><D19/><U109/><E109/><V55/><REACH who="2" step="1"/><F2/><REACH who="2" ten="224,276,240,250" step="2"/><W113/><G40/><T65/><D75/><U22/><REACH who="1" step="1"/><E13/><REACH who="1" ten="224,266,240,250" step="2"/><V98/><F98/><W135/><G14/><T16/><D110/><U134/><E134/><V87/><F87/><W46/><G135/><T88/><D118/><U62/><E62/><V35/><F35/><W32/><G32/><T29/><D121/><U57/><E57/><V95/><F95/><W66/><G63/><T0/><D131/><U99/><E99/><V43/><F43/><AGARI ba="0,2" hai="7,11,12,20,22,23,43,45,51,76,79,97,102,105" machi="43" ten="40,2000,0" yaku="1,1,53,0" doraHai="129" doraHaiUra="126" who="1" fromWho="2" sc="224,0,266,40,240,-20,250,0" /><INIT seed="1,1,0,1,3,57" ten="224,306,220,250" oya="1" hai0="71,90,18,22,35,85,6,87,113,121,64,24,117" hai1="13,33,65,78,83,29,112,49,37,79,59,132,104" hai2="118,48,101,11,21,103,91,102,88,47,1,81,34" hai3="74,4,40,38,99,93,73,125,43,25,30,122,2"/><U50/><E112/><V51/><F118/><W10/><G122/><T129/><D113/><U120/><E120/><V119/><F119/><W133/><G125/><T8/><D117/><U130/><E104/><V15/><F34/><W69/><G133/><T46/><D129/><U62/><E37/><V27/><F1/><W32/><G43/><T23/><D35/><U55/><E132/><V109/><F109/><W42/><G40/><T105/><D105/><U111/><E111/><V89/><F81/><W68/><G93/><T110/><D110/><U106/><E106/><V75/><F75/><W116/><G116/><T95/><D121/><U128/><E13/><V3/><F3/><W56/><G56/><T124/><D46/><N who="1" m="28087" /><E50/><V94/><F94/><W115/><G115/><T77/><D23/><U98/><E98/><V72/><F72/><N who="3" m="27755" /><G99/><T58/><D71/><N who="3" m="27209" /><G42/><T70/><D70/><U5/><E83/><V36/><F36/><AGARI ba="1,0" hai="2,4,10,25,30,32,36,38" m="27209,27755" machi="36" ten="30,2000,0" yaku="33,2" doraHai="57" who="3" fromWho="2" sc="224,0,306,0,220,-23,250,23" /><INIT seed="2,0,0,1,4,40" ten="224,306,197,273" oya="2" hai0="29,28,59,50,1,12,91,36,101,18,49,30,115" hai1="35,99,110,113,46,130,44,126,89,71,134,120,65" hai2="43,96,57,62,22,102,67,64,108,25,37,45,90" hai3="8,68,66,5,61,3,78,42,0,122,135,27,14"/><V123/><F123/><W83/><G122/><T73/><D115/><U112/><E89/><V127/><F127/><W11/><G135/><T34/><D1/><U47/><E99/><V121/><F121/><W55/><G55/><T26/><D36/><U41/><E35/><V118/><F118/><W69/><G69/><T105/><D73/><U56/><E120/><V87/><F108/><W100/><G100/><T97/><D91/><U72/><E72/><V58/><F90/><W80/><G80/><T23/><D50/><N who="1" m="26895" /><E110/><V38/><F38/><W76/><G78/><T104/><D104/><U129/><E126/><V15/><F15/><W77/><G76/><T4/><D4/><U124/><E71/><V6/><F6/><W10/><G27/><T119/><D119/><U93/><E93/><V81/><F81/><W132/><G132/><T74/><D74/><U125/><E134/><V82/><F82/><W32/><G32/><T19/><D18/><U98/><E98/><V107/><F87/><W63/><G63/><T109/><D109/><U85/><E85/><V106/><F106/><W54/><G0/><T9/><D34/><U52/><E65/><V20/><REACH who="2" step="1"/><F25/><REACH who="2" ten="224,306,187,273" step="2"/><W75/><G14/><T111/><D111/><U70/><E124/><V88/><F88/><W86/><G86/><T51/><D26/><U92/><E125/><V116/><F116/><W131/><G5/><T2/><D2/><U17/><E113/><V60/><AGARI ba="0,1" hai="20,22,37,43,45,57,58,60,62,64,67,96,102,107" machi="60" ten="30,11700,0" yaku="1,1,0,1,9,1,52,1,53,0" doraHai="40" doraHaiUra="13" who="2" fromWho="2" sc="224,-39,306,-39,187,127,273,-39" /><INIT seed="2,1,0,3,2,109" ten="185,267,314,234" oya="2" hai0="42,28,2,120,107,99,97,17,39,117,116,78,118" hai1="64,15,100,3,29,24,87,25,126,111,18,7,86" hai2="8,60,131,90,93,51,68,121,85,82,46,21,94" hai3="114,35,48,56,77,70,91,27,55,9,125,58,112"/><V132/><F121/><W43/><G70/><T30/><D120/><U135/><E111/><V76/><F132/><W5/><G43/><T34/><D2/><U67/><E135/><V41/><F131/><W106/><G106/><T122/><D122/><U119/><E119/><V44/><F21/><W113/><G125/><T32/><D78/><U110/><E100/><V103/><F68/><W75/><G91/><T129/><D129/><U0/><E126/><V22/><F60/><W65/><G77/><T96/><D107/><U123/><E123/><V95/><F22/><W101/><G75/><T128/><D128/><U88/><E87/><V104/><F8/><W89/><G89/><T79/><D79/><U23/><E25/><V40/><F104/><W11/><G101/><T52/><D17/><U108/><E108/><V84/><REACH who="2" step="1"/><F103/><REACH who="2" ten="185,267,304,234" step="2"/><W45/><G65/><T10/><D10/><N who="3" m="3593" /><G5/><T115/><D117/><U31/><E110/><V72/><F72/><W50/><G50/><AGARI ba="1,1" hai="40,41,44,46,50,51,76,82,84,85,90,93,94,95" machi="50" ten="30,11600,0" yaku="1,1,7,1,9,1,8,1,53,0" doraHai="109" doraHaiUra="12" who="2" fromWho="3" sc="185,0,267,0,304,129,234,-119" /><INIT seed="2,2,0,1,3,101" ten="185,267,433,115" oya="2" hai0="44,34,126,87,36,74,10,117,88,131,81,114,124" hai1="122,28,31,48,40,16,90,46,7,3,99,1,109" hai2="93,105,39,47,54,38,71,84,127,5,49,41,129" hai3="9,125,21,51,60,120,97,130,8,133,64,76,63"/><V107/><F71/><W92/><G120/><T13/><D114/><U30/><E109/><V50/><F5/><W89/><G133/><T91/><D34/><U104/><E122/><V18/><F129/><W102/><G130/><T62/><D131/><U61/><E61/><V27/><F127/><N who="0" m="48682" /><D74/><U66/><E66/><V103/><F39/><W94/><G125/><T67/><D117/><U14/><E7/><V35/><F38/><W52/><G76/><N who="0" m="46503" /><D44/><U19/><E19/><V24/><F35/><W69/><G63/><T80/><D80/><U119/><E119/><V70/><F70/><W83/><G21/><T132/><D132/><U29/><N who="1" m="7168" /><DORA hai="75" /><U37/><E37/><V79/><F18/><W85/><REACH who="3" step="1"/><G83/><REACH who="3" ten="185,267,433,105" step="2"/><T0/><D0/><U72/><E1/><V45/><F79/><W128/><G128/><T135/><D135/><U113/><E3/><V15/><F41/><W57/><AGARI ba="2,1" hai="8,9,51,52,57,60,64,69,85,89,92,94,97,102" machi="57" ten="20,8000,1" yaku="1,1,0,1,7,1,54,1,53,1" doraHai="101,75" doraHaiUra="108,58" who="3" fromWho="3" sc="185,-22,267,-22,433,-42,105,96" /><INIT seed="3,0,0,1,5,8" ten="163,245,391,201" oya="3" hai0="0,82,93,20,98,108,62,99,117,9,4,55,48" hai1="81,78,105,126,92,110,85,124,84,77,60,66,16" hai2="27,89,50,96,30,53,113,79,32,25,45,59,39" hai3="111,116,13,19,104,42,26,114,2,87,40,71,23"/><W88/><G116/><T70/><D117/><U3/><E110/><V72/><F113/><W65/><G114/><T125/><D125/><N who="1" m="48235" /><E105/><V22/><F72/><W95/><G104/><T119/><D119/><U112/><E112/><V11/><F79/><W43/><G2/><T68/><D108/><U36/><E36/><V63/><F39/><W51/><G111/><T103/><D82/><U56/><E3/><V100/><F11/><W118/><G118/><T75/><D75/><N who="1" m="43199" /><E78/><V15/><F32/><W1/><G1/><T109/><D109/><U58/><E92/><N who="2" m="56335" /><F100/><W91/><G51/><T54/><D98/><U28/><E28/><V129/><F129/><W90/><REACH who="3" step="1"/><G26/><REACH who="3" ten="163,245,391,191" step="2"/><T133/><D0/><U44/><E60/><AGARI ba="0,1" hai="13,19,23,40,42,43,60,65,71,87,88,90,91,95" machi="60" ten="40,12000,1" yaku="1,1,2,1,52,1,54,1,53,0" doraHai="8" doraHaiUra="73" who="3" fromWho="1" sc="163,0,245,-120,391,0,191,130" /><INIT seed="3,1,0,3,3,103" ten="163,125,391,321" oya="3" hai0="31,74,26,102,1,69,42,90,12,68,21,112,114" hai1="127,25,16,17,94,72,73,67,135,65,91,60,119" hai2="80,4,62,78,75,33,83,109,9,38,70,18,40" hai3="71,77,129,6,30,55,54,19,14,32,97,22,59"/><W86/><G71/><T118/><D118/><U43/><E119/><V84/><F109/><W92/><G129/><T0/><D74/><U82/><E135/><V11/><F33/><W24/><G77/><T35/><D42/><U64/><E127/><V132/><F132/><W41/><G41/><T3/><D90/><U79/><E73/><V117/><F117/><W37/><G37/><T85/><D85/><U121/><E121/><V131/><F131/><W100/><G86/><T93/><D12/><U108/><E108/><V63/><F70/><W10/><REACH who="3" step="1"/><G59/><REACH who="3" ten="163,125,391,311" step="2"/><T56/><D56/><U46/><E60/><V128/><F40/><W125/><G125/><T104/><D69/><U81/><E81/><V111/><F38/><W113/><G113/><T28/><D68/><U58/><E58/><V76/><F128/><W52/><G52/><T44/><D44/><U123/><E123/><V133/><F111/><W98/><G98/><T51/><D114/><U116/><E116/><V61/><F133/><W107/><G107/><T47/><D112/><U66/><N who="1" m="16384" /><DORA hai="105" /><U115/><E115/><V23/><REACH who="2" step="1"/><F4/><REACH who="2" ten="163,125,381,311" step="2"/><W5/><G5/><T57/><D104/><U27/><E43/><V15/><AGARI ba="1,2" hai="9,11,15,18,23,61,62,63,75,76,78,80,83,84" machi="15" ten="30,8000,1" yaku="1,1,2,1,0,1,52,1,53,1" doraHai="103,105" doraHaiUra="106,88" who="2" fromWho="2" sc="163,-21,125,-21,381,103,311,-41" /><INIT seed="4,0,0,0,3,7" ten="142,104,484,270" oya="0" hai0="65,75,89,23,108,67,112,36,115,133,76,73,80" hai1="14,31,66,46,29,87,74,77,125,92,100,4,24" hai2="19,83,116,18,98,110,25,3,124,102,117,5,126" hai3="81,101,12,107,99,119,61,43,111,96,64,42,134"/><T54/><D36/><U132/><E125/><N who="2" m="48235" /><F110/><W34/><G34/><T41/><D41/><U26/><E132/><V50/><F50/><W91/><G111/><T17/><D108/><U28/><E74/><V58/><F58/><W9/><G119/><N who="2" m="45641" /><F83/><W56/><G134/><T52/><D133/><U130/><E130/><V95/><F25/><W60/><G81/><T1/><D1/><U53/><E66/><N who="0" m="25097" /><D89/><N who="1" m="53311" /><E100/><V37/><F37/><W16/><G61/><T39/><D75/><U47/><E77/><V59/><F59/><W113/><REACH who="3" step="1"/><G113/><REACH who="3" ten="142,104,484,260" step="2"/><N who="0" m="43595" /><D39/><U82/><E82/><V79/><F79/><W11/><G11/><AGARI ba="0,1" hai="3,5,11,18,19,95,98,102" m="45641,48235" machi="11" ten="30,3900,0" yaku="18,1,12,1,52,1" doraHai="7" who="2" fromWho="3" sc="142,0,104,0,484,49,260,-39" /><INIT seed="5,0,0,5,3,6" ten="142,104,533,221" oya="1" hai0="83,120,93,27,51,45,39,94,34,127,122,3,108" hai1="105,55,77,75,32,81,5,115,26,67,88,131,102" hai2="23,90,28,16,64,69,56,106,111,50,35,103,54" hai3="58,101,112,22,30,74,42,48,21,14,4,31,59"/><U40/><E115/><V123/><F111/><W15/><G112/><T116/><D108/><U13/><E131/><V72/><F72/><W73/><G101/><T0/><D116/><U41/><E55/><V7/><F7/><W33/><G4/><T65/><D127/><U100/><E67/><V24/><F123/><N who="0" m="47146" /><D39/><U49/><E88/><V62/><F90/><W107/><G42/><N who="0" m="25015" /><D65/><U92/><E105/><V1/><F1/><N who="0" m="586" /><D83/><U25/><E92/><V9/><F103/><W37/><G107/><T113/><D113/><U63/><E81/><V132/><F106/><W109/><G109/><T12/><D12/><U84/><E13/><V18/><F132/><W125/><G37/><T96/><D96/><U99/><E99/><V52/><F35/><W29/><G125/><T117/><D117/><U36/><E36/><V89/><F89/><W121/><G121/><T129/><D129/><U47/><E41/><V57/><F9/><W66/><G33/><T19/><D19/><U76/><E5/><V11/><F11/><W85/><G66/><T44/><D44/><U2/><E2/><V80/><F80/><W119/><G119/><T98/><D98/><U91/><E102/><V128/><F128/><W114/><G114/><T43/><D43/><U68/><E100/><V60/><AGARI ba="0,0" hai="16,18,23,24,28,50,52,54,56,57,60,62,64,69" machi="60" ten="20,5200,0" yaku="0,1,7,1,54,2" doraHai="6" who="2" fromWho="2" sc="142,-13,104,-26,533,52,221,-13" /><INIT seed="6,0,0,3,1,116" ten="129,78,585,208" oya="2" hai0="28,37,74,117,13,100,69,111,10,130,86,24,23" hai1="56,40,54,42,41,8,105,101,36,135,15,26,11" hai2="38,46,33,102,89,4,68,92,67,134,106,75,55" hai3="122,62,16,121,29,73,48,57,6,126,45,50,128"/><V120/><F55/><W27/><G73/><T18/><D111/><U49/><E135/><V90/><F92/><W76/><G76/><T12/><D74/><U5/><E101/><V43/><F134/><W119/><G6/><T17/><D69/><U30/><E105/><V34/><F89/><W85/><G85/><T61/><D37/><U110/><E110/><V35/><F90/><W124/><G119/><T118/><D61/><U0/><E36/><V83/><F4/><W1/><G1/><T52/><D52/><U96/><E96/><N who="2" m="61767" /><F120/><W81/><G81/><T107/><D86/><U53/><E53/><V79/><F67/><N who="3" m="39375" /><G128/><T78/><D130/><U60/><E0/><V104/><F68/><W112/><G112/><T65/><D65/><U123/><E123/><V115/><F104/><W129/><G50/><T19/><D78/><U80/><E80/><V114/><AGARI ba="0,0" hai="33,34,35,38,43,46,75,79,83,114,115" m="61767" machi="114" ten="40,2100,0" yaku="23,1" doraHai="116" who="2" fromWho="2" sc="129,-7,78,-7,585,21,208,-7" /><INIT seed="6,1,0,1,4,60" ten="122,71,606,201" oya="2" hai0="117,72,66,40,76,84,67,30,109,82,120,69,100" hai1="17,62,113,19,81,54,124,99,25,129,46,134,80" hai2="118,2,9,74,32,92,73,63,104,112,89,45,107" hai3="16,26,28,57,5,53,35,42,1,12,8,6,135"/><V126/><F45/><W18/><G42/><T79/><D120/><U127/><E113/><V71/><F112/><W101/><G101/><T38/><D109/><U58/><E134/><V121/><F121/><W22/><G135/><T41/><D69/><U47/><E129/><V52/><F118/><W36/><G36/><T83/><D117/><U49/><E47/><V20/><F20/><N who="3" m="11271" /><G53/><T39/><D30/><U21/><E19/><V133/><F32/><W56/><G56/><T115/><D115/><U105/><E105/><V119/><F119/><W51/><G51/><T96/><D96/><U98/><E127/><V75/><F126/><W55/><G57/><T88/><D100/><U123/><E123/><V97/><F133/><W50/><G55/><T85/><D88/><U86/><E124/><V64/><F52/><W34/><G50/><T7/><D7/><U31/><E31/><V27/><F104/><W128/><G128/><T130/><D72/><U90/><REACH who="1" step="1"/><E81/><REACH who="1" ten="122,61,606,201" step="2"/><V3/><F107/><W29/><G6/><T15/><D130/><U114/><E114/><V106/><F106/><W10/><G29/><T132/><D132/><U131/><E131/><V110/><F110/><W68/><G28/><T91/><D83/><U94/><E94/><V61/><F92/><W4/><G5/><T14/><D82/><U111/><E111/><V103/><F103/><W78/><G4/><T70/><D38/><U87/><E87/><V93/><F93/><W102/><G102/><T48/><D84/><U95/><E95/><V116/><F116/><W33/><G18/><T108/><D39/><RYUUKYOKU ba="1,1" sc="122,-10,61,30,606,-10,201,-10" hai1="17,21,25,46,49,54,58,62,80,86,90,98,99" /><INIT seed="7,2,1,3,0,51" ten="112,91,596,191" oya="3" hai0="112,20,28,47,87,13,40,86,64,119,79,118,32" hai1="85,45,38,37,104,135,122,11,57,7,59,55,34" hai2="19,67,6,132,110,44,80,123,70,113,92,22,117" hai3="30,89,42,5,36,60,15,16,4,125,50,81,33"/><W120/><G36/><T1/><D1/><U3/><E122/><V53/><F92/><W111/><G125/><T12/><D32/><U27/><E104/><V29/><F80/><W75/><G60/><T25/><D119/><U68/><E68/><V91/><F91/><W133/><G133/><T114/><D118/><U76/><E59/><V66/><F44/><W100/><G100/><T124/><D124/><U21/><E34/><V116/><F6/><W63/><G63/><T131/><D64/><U26/><E45/><V52/><F29/><W121/><G75/><T48/><D131/><U73/><E73/><V17/><F22/><W83/><G81/><N who="0" m="47423" /><D87/><U106/><E106/><V95/><F95/><W31/><G33/><T109/><D109/><U78/><E135/><V35/><F35/><W84/><G111/><T90/><D90/><U71/><E71/><V8/><F132/><W94/><G89/><T23/><D23/><U54/><E54/><V69/><F110/><W129/><G120/><T9/><D9/><U102/><E102/><V128/><F123/><W82/><G129/><T103/><D103/><U39/><E39/><V101/><F128/><W97/><G84/><T99/><D99/><U126/><E126/><V41/><F101/><W65/><G97/><T127/><D127/><U2/><E2/><V74/><F74/><W77/><G121/><T14/><D114/><U98/><E98/><V115/><F8/><W56/><G56/><T62/><D112/><U88/><E38/><V72/><F72/><W18/><G82/><T46/><D46/><U96/><E37/><RYUUKYOKU ba="2,1" sc="112,15,91,-15,596,15,191,-15" hai0="12,13,14,20,25,28,40,47,48,62" hai2="17,19,41,52,53,66,67,69,70,113,115,116,117" owari="127,-27.0,76,-42.0,621,71.0,176,-2.0" /></mjloggm>