<mjloggm ver="2.3"><GO type="169" lobby="0"/><UN n0="%62%69%67%6D%6F%75%74%68" n1="%E6%9F%8A%E3%81%AE%E6%9C%88" n2="%63%6C%75%74%63%68%37%33" n3="%6D%61%73%5F" dan="17,16,16,18" rate="2195.56,2107.50,2159.99,2252.63" sx="M,F,M,M"/><TAIKYOKU oya="0"/><INIT seed="0,0,0,1,1,42" ten="250,250,250,250" oya="0" hai0="3,110,40,106,96,45,81,29,32,85,108,92,84" hai1="48,124,4,26,79,76,127,62,7,70,33,57,78" hai2="27,74,122,123,53,8,88,69,80,43,114,99,128" hai3="132,115,66,35,19,65,83,72,105,63,98,0,61"/><T133/><D3/><U56/><E70/><V59/><F69/><W52/><G115/><T20/><D32/><U67/><E33/><V55/><F114/><W9/><G132/><T14/><D133/><U47/><E26/><V111/><F111/><N who="0" m="42538" /><D106/><U73/><E57/><V87/><F128/><W126/><G66/><T130/><D130/><U28/><E28/><V46/><F74/><W125/><G72/><T82/><D29/><U10/><E73/><V107/><F27/><W22/><G65/><T12/><D85/><U102/><E102/><V13/><F99/><W18/><G98/><T21/><D21/><U24/><E24/><V97/><F97/><W31/><G22/><T71/><D71/><U112/><E112/><V36/><F107/><W39/><G0/><T131/><D131/><U129/><E129/><V86/><F86/><W113/><G31/><T17/><D84/><U91/><E91/><V41/><F41/><W117/><G105/><T50/><D14/><U34/><E34/><V118/><F118/><W49/><G117/><T94/><D94/><U1/><REACH who="1" step="1"/><E4/><REACH who="1" ten="250,240,250,250" step="2"/><V134/><F134/><W116/><G35/><T90/><AGARI ba="0,1" hai="12,17,20,40,45,50,81,82,90,92,96" m="42538" machi="90" ten="30,6000,0" yaku="14,1,10,1,52,1" doraHai="42" who="0" fromWho="0" sc="250,70,240,-20,250,-20,250,-20" /><INIT seed="0,1,0,1,2,58" ten="320,220,230,230" oya="0" hai0="87,96,108,130,110,30,54,66,17,131,84,95,38" hai1="23,83,65,88,85,129,46,125,15,4,99,48,116" hai2="94,47,114,82,81,31,132,41,42,35,73,7,97" hai3="72,127,93,24,78,13,57,29,0,9,119,68,26"/><T105/><D38/><U34/><E34/><V20/><F114/><W33/><G68/><T12/><D30/><U77/><E116/><V56/><F35/><W60/><G119/><T117/><D66/><U11/><E129/><N who="0" m="49161" /><D54/><U104/><E125/><V19/><F132/><W70/><G127/><T52/><D117/><U59/><E23/><V22/><F7/><W51/><G26/><T21/><D105/><U8/><E8/><V39/><F73/><W1/><G70/><T14/><D14/><U75/><E104/><V98/><F42/><W120/><G120/><T69/><D69/><U122/><E122/><V133/><F133/><W124/><G51/><T2/><D2/><U18/><E99/><V123/><F98/><W112/><G112/><T115/><D115/><U79/><E75/><V25/><F56/><W107/><G107/><T90/><D52/><N who="1" m="29719" /><E4/><V101/><REACH who="2" step="1"/><F123/><REACH who="2" ten="320,220,220,230" step="2"/><W128/><G128/><T6/><D6/><U53/><E65/><V74/><F74/><W43/><G72/><T113/><D113/><U134/><E134/><V86/><F86/><AGARI ba="1,1" hai="12,17,21,84,86,87,90,95,96,108,110" m="49161" machi="86" ten="30,1500,0" yaku="19,1" doraHai="58" who="0" fromWho="2" sc="320,28,220,0,220,-18,230,0" /><INIT seed="0,2,0,2,1,82" ten="348,220,202,230" oya="0" hai0="26,118,73,40,114,87,79,116,85,91,9,37,99" hai1="43,41,25,105,104,134,30,102,20,135,97,38,49" hai2="28,133,19,96,51,33,76,47,57,126,106,74,69" hai3="44,8,55,5,68,64,60,88,15,127,11,17,124"/><T77/><D114/><U1/><E38/><V130/><F57/><W18/><G44/><T119/><D37/><U71/><E71/><V109/><F19/><W56/><G88/><T39/><D9/><U132/><E1/><V100/><F130/><W27/><G27/><T117/><D26/><U45/><REACH who="1" step="1"/><E105/><REACH who="1" ten="348,210,202,230" step="2"/><V81/><F69/><W10/><G127/><T83/><D119/><U54/><AGARI ba="2,1" hai="20,25,30,41,43,45,49,54,97,102,104,132,134,135" machi="54" ten="30,8000,1" yaku="1,1,2,1,0,1,20,1,53,1" doraHai="82" doraHaiUra="50" who="1" fromWho="1" sc="348,-42,210,96,202,-22,230,-22" /><INIT seed="1,0,0,3,2,21" ten="306,306,180,208" oya="1" hai0="61,87,38,59,124,20,51,11,42,19,86,9,104" hai1="53,6,28,107,116,17,40,23,25,122,92,120,36" hai2="95,14,135,83,57,68,26,55,67,132,64,91,10" hai3="43,113,111,98,33,97,47,75,133,129,84,13,108"/><U35/><E107/><V15/><F83/><W72/><G113/><T76/><D104/><U90/><E116/><V106/><F106/><W127/><G33/><T34/><D34/><U3/><E53/><V7/><F68/><W70/><G70/><T56/><D124/><U85/><E40/><V22/><F15/><W121/><G121/><T103/><D103/><U115/><E36/><V50/><F135/><W48/><G133/><T82/><D38/><U66/><E66/><V44/><F44/><W5/><G127/><T12/><D87/><U94/><E94/><V31/><REACH who="2" step="1"/><F132/><REACH who="2" ten="306,306,170,208" step="2"/><W63/><G13/><T117/><D117/><U0/><E115/><V29/><F29/><W112/><G47/><T45/><REACH who="0" step="1"/><D59/><REACH who="0" ten="296,306,170,208" step="2"/><U131/><E122/><V74/><F74/><W27/><G75/><T118/><D118/><U96/><E120/><V102/><F102/><W46/><G72/><T81/><D81/><U105/><E105/><V16/><F16/><W128/><G112/><T60/><D60/><U1/><E17/><V30/><F30/><W109/><G63/><T65/><AGARI ba="0,2" hai="9,11,12,19,20,42,45,51,56,61,65,76,82,86" machi="65" ten="20,8000,1" yaku="1,1,0,1,7,1,8,1,53,1" doraHai="21" doraHaiUra="62" who="0" fromWho="0" sc="296,100,306,-40,170,-20,208,-20" /><INIT seed="2,0,0,2,3,42" ten="396,266,150,188" oya="2" hai0="118,8,32,13,47,100,72,50,56,95,104,108,75" hai1="77,131,84,14,74,7,6,110,60,97,91,135,117" hai2="112,99,87,130,34,24,66,9,30,81,2,54,83" hai3="134,37,126,35,123,20,22,101,92,94,124,4,3"/><V125/><F112/><W15/><G123/><T12/><D32/><U16/><E117/><V23/><F130/><W55/><G35/><T28/><D28/><U78/><E131/><V115/><F115/><W43/><G3/><T128/><D128/><U27/><E110/><V96/><F125/><N who="3" m="48235" /><G134/><T129/><D129/><U59/><E27/><V132/><F132/><W98/><G43/><T133/><D133/><U19/><E97/><V67/><F83/><W52/><G37/><T21/><D118/><U102/><E102/><V17/><F67/><W44/><G94/><T113/><D113/><U49/><E19/><V79/><F66/><W105/><G105/><T88/><D108/><U33/><E49/><V109/><F109/><W116/><G116/><T89/><D56/><U1/><E33/><V85/><F85/><W127/><G127/><T107/><D89/><U86/><E86/><V31/><F31/><W106/><G106/><T64/><D64/><N who="1" m="38943" /><E1/><V25/><REACH who="2" step="1"/><F54/><REACH who="2" ten="396,266,140,188" step="2"/><W119/><G55/><T41/><D75/><U11/><E135/><V69/><F69/><W120/><G119/><T90/><D72/><U61/><E74/><V36/><F36/><W58/><G52/><T63/><D107/><U114/><E114/><V29/><F29/><W62/><G120/><T39/><D39/><U93/><E61/><V5/><AGARI ba="0,1" hai="2,5,9,17,23,24,25,30,34,79,81,87,96,99" machi="5" ten="30,3000,0" yaku="1,1,0,1,53,0" doraHai="42" doraHaiUra="48" who="2" fromWho="2" sc="396,-10,266,-10,140,40,188,-10" /><INIT seed="2,1,0,2,3,86" ten="386,256,180,178" oya="2" hai0="104,67,5,43,28,20,14,82,119,106,94,124,55" hai1="22,27,114,73,78,99,11,77,112,53,79,95,117" hai2="68,81,30,135,134,105,63,74,64,39,29,42,58" hai3="47,113,59,8,131,83,121,18,1,45,49,31,0"/><V101/><F105/><W57/><G121/><T32/><D32/><U98/><E117/><V129/><F129/><W123/><G123/><T80/><D119/><U118/><E118/><V132/><F101/><W37/><G131/><T9/><D124/><U41/><E73/><V52/><F74/><W130/><G130/><T21/><D67/><U17/><E41/><V102/><F102/><W54/><G31/><T65/><D65/><U75/><E75/><V13/><F13/><W24/><G113/><T122/><D122/><U3/><E99/><V85/><F42/><W116/><G116/><T107/><D43/><U46/><E3/><V66/><F39/><W35/><G83/><T91/><D55/><U44/><E11/><V89/><F66/><W51/><G35/><T90/><D94/><U16/><E17/><V127/><F127/><W108/><G54/><T15/><D28/><U50/><REACH who="1" step="1"/><E44/><REACH who="1" ten="386,246,180,178" step="2"/><V92/><REACH who="2" step="1"/><F81/><REACH who="2" ten="386,246,170,178" step="2"/><W71/><G1/><T62/><D82/><U125/><E125/><V87/><F87/><W126/><G0/><T10/><D80/><U115/><E115/><V12/><F12/><W23/><G126/><T96/><D15/><U84/><E84/><V36/><F36/><W100/><G37/><T110/><D14/><U33/><E33/><V61/><AGARI ba="1,2" hai="29,30,52,58,61,63,64,68,85,89,92,132,134,135" machi="61" ten="40,12000,1" yaku="1,1,0,1,20,1,52,1,54,1,53,0" doraHai="86" doraHaiUra="38" who="2" fromWho="2" sc="386,-41,246,-41,170,143,178,-41" /><INIT seed="2,2,0,3,0,15" ten="345,205,313,137" oya="2" hai0="89,11,97,47,77,128,10,129,117,20,31,127,135" hai1="94,120,9,92,53,42,96,69,91,59,79,23,112" hai2="103,87,39,51,19,1,105,99,95,67,116,107,68" hai3="100,52,80,46,41,54,55,50,108,37,22,113,60"/><V3/><F116/><W72/><G100/><T44/><D117/><U124/><E112/><V34/><F39/><W48/><G72/><T114/><D114/><U18/><E69/><V123/><F123/><W106/><G106/><T25/><D135/><U121/><E124/><V14/><F34/><W90/><G113/><T83/><D127/><U104/><E42/><V56/><F68/><W36/><G108/><T85/><D47/><U70/><E70/><V75/><F75/><W110/><G110/><T65/><D65/><U130/><E130/><N who="0" m="50281" /><D44/><U126/><E126/><V43/><F43/><W84/><G37/><T26/><D26/><U24/><E79/><V71/><F71/><W58/><REACH who="3" step="1"/><G22/><REACH who="3" ten="345,205,313,127" step="2"/><T40/><D20/><U118/><E118/><V132/><F107/><W125/><G125/><T17/><D11/><U82/><E104/><V0/><F132/><W93/><G93/><T66/><D10/><U62/><E82/><V16/><F105/><W33/><G33/><T35/><D35/><U134/><E134/><V6/><F87/><W109/><G109/><T61/><D83/><U74/><E74/><V63/><REACH who="2" step="1"/><F51/><AGARI ba="2,1" hai="36,41,46,48,50,51,52,54,55,58,60,80,84,90" machi="51" ten="40,2600,0" yaku="1,1,54,1,53,0" doraHai="15" doraHaiUra="73" who="3" fromWho="2" sc="345,0,205,0,313,-32,127,42" /><INIT seed="3,0,0,3,0,111" ten="345,205,281,169" oya="3" hai0="19,4,122,97,13,70,76,38,48,60,107,69,103" hai1="36,42,96,37,22,74,66,23,3,81,32,88,110" hai2="56,123,119,41,26,53,78,132,116,11,112,93,29" hai3="72,115,108,109,30,86,82,84,34,9,5,133,79"/><W52/><G133/><T45/><D122/><U62/><E110/><N who="3" m="42602" /><G34/><T94/><D38/><U75/><E32/><V25/><F132/><W46/><G30/><T102/><D4/><U44/><E3/><V10/><F78/><W73/><G84/><T83/><D60/><U68/><E37/><V135/><F135/><W43/><G115/><T18/><D18/><U51/><E36/><V126/><F123/><W127/><G127/><T121/><D121/><U2/><E2/><V95/><F29/><W77/><G77/><T134/><D134/><U130/><E130/><V118/><F118/><W54/><G43/><T57/><D57/><U0/><E0/><V20/><F41/><W40/><G40/><T63/><D63/><U99/><E99/><V58/><F53/><N who="3" m="20587" /><G46/><T125/><D125/><U104/><E104/><V14/><F126/><W39/><G39/><T47/><D47/><U15/><E81/><V120/><F120/><W8/><G8/><T106/><D45/><U129/><E129/><V31/><F31/><W105/><G105/><T17/><D107/><U59/><E75/><V98/><F98/><W12/><AGARI ba="0,0" hai="5,9,12,72,73,79,82,86" m="20587,42602" machi="12" ten="30,6000,0" yaku="14,1,10,1,54,1" doraHai="111" who="3" fromWho="3" sc="345,-20,205,-20,281,-20,169,60" /><INIT seed="3,1,0,2,3,61" ten="325,185,261,229" oya="3" hai0="47,107,128,134,111,10,123,62,73,59,53,120,117" hai1="28,65,81,88,75,14,31,11,36,26,99,54,46" hai2="94,80,98,133,33,35,85,135,16,1,131,27,2" hai3="86,118,125,13,114,67,17,0,89,30,84,63,103"/><W41/><G114/><T97/><D117/><U7/><E75/><V119/><F119/><W55/><G118/><T129/><D73/><U68/><E68/><V5/><F131/><N who="0" m="50250" /><D10/><U48/><E36/><V70/><F70/><W105/><G0/><T77/><D77/><U38/><E38/><V58/><F58/><W60/><G41/><T112/><D112/><U113/><E113/><V52/><F52/><W20/><G125/><T22/><D22/><U101/><E65/><V69/><F69/><W56/><G30/><T124/><D124/><U51/><E26/><V96/><F5/><W49/><G105/><T9/><D111/><U132/><E132/><V74/><F74/><W83/><G103/><N who="0" m="62959" /><D134/><U25/><E25/><V108/><F108/><W34/><G34/><T57/><D47/><U6/><E6/><V122/><F122/><W109/><G109/><T8/><D8/><U106/><REACH who="1" step="1"/><E51/><REACH who="1" ten="325,175,261,229" step="2"/><V40/><F27/><W19/><G19/><T37/><D37/><U4/><E4/><V115/><F16/><W104/><G67/><T72/><D72/><U92/><E92/><V87/><F115/><W90/><G104/><T102/><D123/><U42/><E42/><V64/><F40/><W116/><G116/><T18/><D120/><U93/><E93/><AGARI ba="1,1" hai="13,17,20,49,55,56,60,63,83,84,86,89,90,93" machi="93" ten="30,11600,0" yaku="7,1,25,2,8,1" doraHai="61" who="3" fromWho="1" sc="325,0,175,-119,261,0,229,129" /><INIT seed="3,2,0,1,3,83" ten="325,56,261,358" oya="3" hai0="48,106,128,115,59,15,117,1,123,129,25,64,103" hai1="84,133,118,39,22,42,122,14,95,28,102,98,131" hai2="33,85,127,57,24,132,110,56,109,4,99,7,54" hai3="100,105,112,3,55,80,104,73,81,94,96,17,16"/><W12/><G112/><T124/><D123/><U40/><E122/><V90/><F132/><W67/><G3/><T107/><D117/><U13/><E133/><V36/><F36/><W26/><G67/><T126/><D1/><U69/><E69/><V20/><F33/><W89/><G104/><T130/><D115/><U9/><E118/><V63/><F99/><W34/><G73/><T6/><D103/><U45/><E131/><V50/><F127/><N who="0" m="48682" /><D25/><U68/><E68/><V93/><F110/><W49/><G17/><T27/><D27/><U8/><E42/><V108/><F108/><W135/><G135/><T78/><D78/><U113/><E113/><V47/><F57/><W18/><G18/><T35/><D35/><U134/><E134/><V31/><REACH who="2" step="1"/><F109/><REACH who="2" ten="325,56,251,358" step="2"/><W120/><G120/><T101/><D59/><U119/><E119/><V61/><F61/><W91/><G96/><T72/><D107/><U30/><E39/><V51/><F51/><W114/><G49/><T79/><D48/><U32/><E32/><V46/><F46/><W44/><G44/><T75/><D106/><U88/><E45/><V5/><F5/><W74/><G105/><T111/><D111/><U37/><E37/><V53/><AGARI ba="2,1" hai="4,7,20,24,31,47,50,53,54,56,63,85,90,93" machi="53" ten="20,12000,2" yaku="1,1,0,1,7,1,8,1,52,1,53,1" doraHai="83" doraHaiUra="21" who="2" fromWho="2" sc="325,-32,56,-32,251,136,358,-62" /><INIT seed="4,0,0,0,3,65" ten="293,24,387,296" oya="0" hai0="49,69,89,90,111,43,2,57,74,133,113,26,101" hai1="123,134,47,121,32,56,96,4,93,0,40,9,37" hai2="130,106,97,100,118,84,120,85,63,34,102,12,45" hai3="59,11,52,66,18,19,116,60,61,88,51,22,83"/><T95/><D2/><U29/><E134/><V77/><F120/><W3/><G116/><T124/><D74/><U15/><E0/><V76/><F34/><W8/><G3/><T132/><D113/><U122/><E32/><V38/><F12/><W114/><G114/><T68/><D124/><U67/><E29/><V72/><F45/><W53/><G19/><T17/><D111/><U108/><E108/><V94/><F63/><W128/><G128/><T127/><D127/><U125/><E125/><V135/><F38/><W54/><G51/><T82/><D101/><U36/><E36/><V78/><F130/><W58/><G83/><T64/><D82/><U126/><E126/><V41/><F41/><W131/><G88/><N who="0" m="33899" /><D95/><U104/><E104/><V23/><F135/><N who="0" m="51786" /><D64/><U79/><E79/><V27/><F118/><W119/><G131/><T107/><D107/><U87/><E87/><V55/><F72/><W103/><G103/><T7/><D7/><U6/><E6/><V109/><F109/><W62/><G119/><T35/><D17/><U117/><E117/><V39/><F39/><W86/><G86/><T70/><D43/><U24/><E67/><V73/><F73/><W48/><G66/><T33/><D26/><U71/><E24/><V129/><F129/><W44/><REACH who="3" step="1"/><G62/><REACH who="3" ten="293,24,387,286" step="2"/><T21/><D21/><U30/><E122/><V105/><F102/><W13/><AGARI ba="0,1" hai="8,11,13,18,22,44,48,52,53,54,58,59,60,61" machi="13" ten="20,12000,2" yaku="1,1,2,1,0,1,7,1,9,1,8,1,54,1,53,0" doraHai="65" doraHaiUra="99" who="3" fromWho="3" sc="293,-60,24,-30,387,-30,286,130" owari="233,-17.0,-6,-51.0,357,16.0,416,52.0" /></mjloggm>