<mjloggm ver="2.3"><GO type="169" lobby="0"/><UN n0="%E6%96%87%58" n1="%4D%E6%9C%AC" n2="%61%6D%61%69%6B%61" n3="%E9%AB%98%E6%A9%8B%E6%B7%B3" dan="16,17,16,17" rate="2112.64,2160.27,2122.33,2156.12" sx="F,M,M,M"/><TAIKYOKU oya="0"/><INIT seed="0,0,0,4,2,27" ten="250,250,250,250" oya="0" hai0="81,114,54,77,23,93,18,71,5,97,121,73,70" hai1="51,112,4,120,7,105,82,102,96,119,66,43,52" hai2="88,38,21,109,91,57,79,117,36,2,133,59,92" hai3="10,14,134,110,115,55,1,104,48,126,74,131,87"/><T46/><D121/><U128/><E120/><V76/><F2/><W41/><G74/><T25/><D114/><U17/><E119/><V122/><F122/><W99/><G115/><T58/><D46/><U86/><E128/><V98/><F109/><W22/><G110/><T72/><D5/><U106/><E106/><V125/><F125/><W61/><G131/><T40/><D40/><U101/><E101/><V53/><F133/><W123/><G123/><T64/><D64/><U16/><E66/><V129/><F129/><W42/><G61/><T84/><D72/><U33/><E33/><V15/><F59/><W69/><G69/><T95/><D73/><U85/><E43/><V67/><F67/><W32/><G32/><T89/><REACH who="0" step="1"/><D95/><REACH who="0" ten="240,250,250,250" step="2"/><N who="1" m="58655" /><E112/><V12/><F92/><W50/><G42/><T20/><D20/><U30/><E105/><V62/><F21/><W28/><G22/><T56/><D56/><U132/><E7/><V29/><F57/><W3/><G41/><T111/><D111/><U94/><E4/><V8/><F8/><W6/><G10/><T118/><D118/><U37/><E37/><V39/><F38/><W68/><G6/><T83/><D83/><U124/><E94/><V0/><F39/><W45/><G104/><T44/><D44/><U75/><E82/><V116/><F36/><W80/><G80/><T108/><D108/><U19/><E75/><V113/><F113/><W34/><G45/><T11/><D11/><U65/><E65/><V127/><F117/><W9/><G9/><T60/><AGARI ba="0,1" hai="18,23,25,54,58,60,70,71,77,81,84,89,93,97" machi="60" ten="20,12000,1" yaku="1,1,0,1,7,1,25,2,53,0" doraHai="27" doraHaiUra="130" who="0" fromWho="0" sc="240,130,250,-40,250,-40,250,-40" /><INIT seed="0,1,0,3,3,84" ten="370,210,210,210" oya="0" hai0="25,89,86,100,122,51,48,18,2,106,5,101,58" hai1="96,125,38,4,112,54,33,79,131,90,0,30,123" hai2="78,117,3,63,134,9,49,118,23,50,81,109,73" hai3="132,85,7,62,70,35,43,55,105,8,126,102,37"/><T12/><D122/><U108/><E123/><V88/><F109/><W95/><G35/><T27/><D106/><U10/><E108/><V130/><F130/><W66/><G126/><T13/><D2/><U42/><E131/><V107/><F107/><W53/><G132/><T6/><D58/><U44/><E125/><V24/><F134/><W16/><G105/><T77/><D77/><U133/><E133/><V111/><F63/><W135/><G135/><T74/><D74/><U103/><E112/><V124/><F111/><W98/><G85/><T60/><D60/><U119/><E79/><V69/><F69/><W99/><G99/><T21/><D27/><U71/><E71/><V1/><F124/><W47/><REACH who="3" step="1"/><G16/><REACH who="3" ten="370,210,210,200" step="2"/><N who="0" m="12455" /><D5/><U11/><E33/><V67/><F73/><W115/><G115/><T114/><D114/><U32/><E32/><V34/><F34/><W82/><G82/><N who="0" m="49367" /><D6/><U120/><E4/><V41/><F118/><W14/><AGARI ba="1,1" hai="7,8,14,37,43,47,53,55,62,66,70,95,98,102" machi="14" ten="20,2700,0" yaku="1,1,0,1,7,1,53,0" doraHai="84" doraHaiUra="75" who="3" fromWho="3" sc="370,-14,210,-8,210,-8,200,40" /><INIT seed="1,0,0,3,4,111" ten="356,202,202,240" oya="1" hai0="25,84,4,85,69,70,113,30,118,14,68,59,122" hai1="29,9,0,34,92,135,8,106,41,67,66,114,98" hai2="130,127,81,115,5,126,52,94,12,54,36,78,93" hai3="56,132,73,61,104,38,21,44,64,102,76,79,117"/><U89/><E106/><V65/><F36/><W105/><G132/><T32/><D118/><U22/><E135/><V109/><F109/><W2/><G2/><T134/><D134/><U125/><E34/><V99/><F65/><N who="1" m="24585" /><E114/><V124/><F115/><W49/><G117/><T20/><D113/><U133/><E0/><V6/><F130/><W86/><G73/><T96/><D96/><U19/><E133/><V60/><F93/><W3/><G3/><T77/><D122/><U46/><E29/><V100/><F60/><W33/><G33/><T101/><D101/><U88/><E125/><V7/><REACH who="2" step="1"/><F12/><REACH who="2" ten="356,202,192,240" step="2"/><W91/><G38/><T119/><D14/><N who="1" m="9591" /><E89/><V108/><F108/><W121/><G105/><T103/><D119/><U75/><E75/><AGARI ba="0,1" hai="5,6,7,52,54,75,78,81,94,99,100,124,126,127" machi="75" ten="50,6400,0" yaku="1,1,18,1,54,1,53,0" doraHai="111" doraHaiUra="128" who="2" fromWho="1" sc="356,0,202,-64,192,74,240,0" /><INIT seed="2,0,0,2,3,31" ten="356,138,266,240" oya="2" hai0="37,76,32,100,34,61,60,12,80,29,23,16,15" hai1="114,27,47,19,70,123,86,107,3,133,116,59,50" hai2="131,30,97,84,95,108,83,96,130,0,18,110,69" hai3="75,4,14,53,21,73,98,127,38,126,81,51,55"/><V65/><F0/><W124/><G38/><T41/><D100/><U115/><E70/><V64/><F30/><W79/><G75/><T48/><D37/><U22/><E116/><V5/><F5/><W6/><G98/><N who="2" m="37993" /><F18/><N who="3" m="10455" /><G55/><T36/><D36/><U57/><E107/><V11/><F11/><W33/><G33/><T102/><D102/><U85/><E3/><V117/><F69/><W93/><G93/><T92/><D92/><U56/><E133/><V10/><F10/><W7/><G7/><T129/><D129/><N who="2" m="49162" /><F95/><W78/><G78/><T89/><D89/><U120/><E115/><V9/><F9/><W99/><G99/><T58/><D29/><U106/><E114/><V43/><F43/><W66/><G66/><N who="2" m="25705" /><F117/><W104/><G104/><T45/><D12/><U74/><E106/><V52/><F52/><W72/><G72/><T25/><D15/><U68/><E74/><V39/><F39/><W63/><G63/><T28/><D28/><U44/><E68/><V2/><F2/><W35/><G35/><T24/><D24/><U121/><REACH who="1" step="1"/><E47/><AGARI ba="0,0" hai="4,6,47,51,53,73,79,81,124,126,127" m="10455" machi="47" ten="30,1000,0" yaku="18,1" doraHai="31" who="3" fromWho="1" sc="356,0,138,-10,266,0,240,10" /><INIT seed="3,0,0,4,3,9" ten="356,128,266,250" oya="3" hai0="13,114,66,58,34,20,116,84,51,29,79,17,83" hai1="121,98,55,78,67,99,129,73,134,0,11,40,30" hai2="94,105,75,52,2,63,71,47,24,26,25,95,14" hai3="76,111,122,72,33,81,15,118,104,86,56,93,6"/><W126/><G118/><T53/><D116/><U92/><E121/><V69/><F2/><W85/><G122/><T41/><D114/><U82/><E129/><V4/><F105/><W31/><G104/><T106/><D106/><U74/><E134/><V101/><F75/><W7/><G126/><T65/><D34/><U16/><E30/><V119/><F119/><W62/><G111/><T130/><D130/><U91/><E67/><V131/><F131/><W127/><G127/><T1/><D1/><U12/><E0/><V87/><F101/><W5/><G93/><T46/><REACH who="0" step="1"/><D29/><REACH who="0" ten="346,128,266,250" step="2"/><U125/><E125/><V117/><F117/><W115/><G115/><T3/><D3/><U120/><E120/><V28/><F28/><W107/><G107/><T21/><D21/><U19/><E74/><V133/><F133/><W96/><G33/><T89/><D89/><U48/><E40/><V108/><F108/><W61/><G31/><T100/><D100/><U42/><E42/><V35/><F35/><W135/><G135/><T113/><D113/><U57/><REACH who="1" step="1"/><E99/><REACH who="1" ten="346,118,266,250" step="2"/><V22/><F71/><W109/><G96/><T103/><D103/><U124/><E124/><V27/><F69/><W128/><G128/><T70/><D70/><U132/><E132/><V49/><F87/><W54/><G109/><T112/><D112/><U123/><E123/><V80/><F27/><W23/><G85/><T18/><D18/><AGARI ba="0,2" hai="11,12,16,18,19,48,55,57,73,78,82,91,92,98" machi="18" ten="30,8000,1" yaku="1,1,7,1,52,1,54,1,53,1" doraHai="9" doraHaiUra="45" who="1" fromWho="0" sc="346,-80,118,100,266,0,250,0" /><INIT seed="4,0,0,1,5,17" ten="266,218,266,250" oya="0" hai0="1,25,92,68,20,45,73,8,83,30,31,81,110" hai1="21,19,6,98,99,51,40,113,128,27,26,55,54" hai2="120,16,39,36,118,112,33,3,95,105,64,29,38" hai3="10,104,78,116,70,4,22,125,94,18,111,66,131"/><T35/><D110/><U49/><E128/><V124/><F105/><W0/><G104/><T14/><D68/><U71/><E71/><V65/><F3/><W89/><G116/><T9/><D73/><U62/><E113/><V93/><F120/><W63/><G125/><T134/><D134/><U90/><E6/><V97/><F112/><W7/><G131/><T82/><D1/><U129/><E129/><V60/><F124/><W106/><G106/><T75/><D75/><U123/><E123/><V130/><F118/><W108/><G78/><T103/><D45/><U102/><E40/><V13/><F130/><W76/><G76/><T15/><D31/><U109/><E62/><V32/><F93/><W101/><G101/><T87/><D35/><U74/><E74/><V132/><F132/><W28/><G7/><N who="0" m="3359" /><D103/><U44/><E109/><V100/><F29/><W59/><G28/><T133/><D133/><U77/><E77/><V57/><REACH who="2" step="1"/><F65/><REACH who="2" ten="266,218,256,250" step="2"/><W79/><G108/><T46/><D92/><N who="1" m="56599" /><E102/><V107/><F107/><W34/><G111/><T69/><D69/><U122/><E122/><V114/><F114/><W41/><G70/><T52/><D87/><U119/><E119/><V58/><F58/><W117/><G59/><T86/><D86/><U47/><E99/><V42/><F42/><W72/><G41/><T24/><D30/><U37/><E37/><V5/><F5/><W23/><G117/><T126/><D126/><U67/><E67/><V135/><F135/><W121/><G121/><T2/><D2/><U43/><E43/><V56/><F56/><N who="3" m="37223" /><G72/><T12/><D46/><RYUUKYOKU ba="0,1" sc="266,-15,218,15,256,15,250,-15" hai1="19,21,26,27,44,47,49,51,54,55" hai2="13,16,32,33,36,38,39,57,60,64,95,97,100" /><INIT seed="5,1,1,5,4,57" ten="251,233,271,235" oya="1" hai0="114,117,100,122,103,106,77,119,76,59,42,130,39" hai1="81,55,109,14,118,69,99,126,44,62,45,3,94" hai2="54,80,98,90,132,121,97,74,18,46,131,17,110" hai3="0,27,72,95,1,37,84,92,32,115,108,75,20"/><U112/><E118/><V34/><F110/><W6/><G37/><T104/><D42/><U15/><E3/><V43/><F34/><W128/><G108/><T5/><D59/><N who="1" m="35199" /><E69/><V66/><F66/><W96/><G32/><T21/><D21/><U9/><E109/><V11/><F121/><W116/><G128/><T50/><D50/><U127/><E112/><V85/><F74/><W88/><G115/><T64/><D64/><U65/><E65/><V87/><F132/><W47/><G47/><N who="1" m="17994" /><E81/><V23/><F54/><W12/><G116/><T33/><D5/><U26/><E26/><V73/><F73/><W63/><G75/><T51/><D51/><U135/><E9/><V78/><F11/><W40/><G72/><T49/><D49/><U58/><E58/><V29/><F80/><W134/><G134/><T125/><D33/><U93/><E93/><V129/><F46/><W61/><G40/><T89/><D114/><U52/><E52/><V82/><F43/><W83/><G92/><T38/><D122/><U120/><E120/><V102/><F82/><W35/><G35/><T101/><D117/><U124/><E135/><V56/><F56/><W68/><G68/><T8/><D8/><U2/><E2/><V133/><F133/><W22/><G0/><T67/><D67/><U107/><E107/><V16/><F131/><W31/><G1/><T41/><D130/><U71/><E71/><V91/><F129/><W7/><G83/><T60/><D119/><U25/><E25/><V30/><F23/><W4/><G84/><T113/><D113/><U36/><E36/><RYUUKYOKU ba="1,1" sc="251,-15,233,15,271,-15,235,15" hai1="14,15,94,99,124,126,127" hai3="4,6,7,12,20,22,27,31,61,63,88,95,96" /><INIT seed="5,2,1,4,0,105" ten="236,248,256,250" oya="1" hai0="120,133,87,91,74,94,3,130,116,36,29,14,127" hai1="26,103,86,9,39,84,90,128,112,78,77,92,75" hai2="122,22,62,88,60,59,45,107,96,0,66,35,58" hai3="16,129,76,34,33,17,102,5,37,118,64,13,48"/><U46/><E26/><V50/><F35/><W4/><G37/><T101/><D116/><U52/><E39/><V7/><F122/><W56/><G102/><T119/><D36/><U31/><E31/><V38/><F38/><W68/><G76/><T43/><D119/><U79/><E112/><V104/><F22/><W83/><G83/><T97/><D3/><U71/><E71/><V28/><F28/><W121/><G118/><T23/><D43/><U106/><E9/><V54/><F7/><W85/><G85/><T25/><D133/><U82/><E86/><V57/><F0/><W81/><G81/><T15/><D130/><U1/><E1/><V115/><F59/><W63/><G17/><T113/><D113/><U12/><E12/><V134/><F134/><W98/><G98/><T20/><D127/><U55/><E128/><V123/><F123/><W117/><G121/><T132/><D132/><U131/><E131/><V100/><F115/><W21/><G129/><T2/><D2/><U72/><E55/><V61/><F88/><W108/><G108/><T51/><D120/><U135/><E135/><V24/><F24/><W41/><G117/><T73/><D51/><N who="1" m="28791" /><E75/><V126/><F126/><W40/><G40/><T89/><D89/><U110/><E110/><V6/><F6/><N who="3" m="2667" /><G68/><T8/><D14/><U125/><E125/><V53/><F62/><W109/><G109/><T69/><D69/><U95/><E95/><AGARI ba="2,1" hai="45,50,53,54,57,58,60,61,66,95,96,100,104,107" machi="95" ten="30,1000,0" yaku="7,1" doraHai="105" who="2" fromWho="1" sc="236,0,248,-16,256,26,250,0" /><INIT seed="6,0,0,4,0,118" ten="236,232,282,250" oya="2" hai0="28,128,39,24,30,87,126,21,122,32,135,42,74" hai1="9,127,15,85,91,68,63,107,103,13,105,71,3" hai2="69,44,12,117,77,35,84,54,98,83,121,75,99" hai3="52,80,11,18,72,31,33,45,60,92,6,36,26"/><V108/><F35/><W25/><G92/><T88/><D74/><U57/><E3/><V70/><F117/><W79/><G18/><T109/><D135/><U94/><E127/><V48/><F108/><W86/><G26/><T115/><D109/><U114/><E114/><V65/><F121/><W134/><G134/><T46/><D115/><U81/><E94/><V90/><F12/><W130/><G130/><T116/><D122/><U5/><E15/><V50/><F65/><W55/><G60/><T95/><D116/><U51/><E51/><V8/><F8/><W119/><G86/><T41/><D128/><U29/><E29/><V120/><F120/><W4/><G4/><T40/><D126/><U66/><REACH who="1" step="1"/><E103/><REACH who="1" ten="236,222,282,250" step="2"/><V17/><F50/><W67/><G119/><T78/><D30/><U34/><E34/><V49/><F48/><W123/><G123/><T110/><D110/><U2/><E2/><V20/><F49/><W14/><G36/><T113/><D113/><U101/><E101/><V23/><F23/><W7/><G45/><T16/><REACH who="0" step="1"/><D78/><REACH who="0" ten="226,222,282,250" step="2"/><U62/><E62/><V61/><F77/><W10/><G79/><T102/><D102/><U96/><E96/><V124/><F98/><W112/><G31/><T53/><D53/><U22/><E22/><V111/><F20/><W82/><G55/><T131/><D131/><U106/><AGARI ba="0,2" hai="5,9,13,57,63,66,68,71,81,85,91,105,106,107" machi="106" ten="30,2000,0" yaku="1,1,0,1,53,0" doraHai="118" doraHaiUra="133" who="1" fromWho="1" sc="226,-5,222,40,282,-10,250,-5" /><INIT seed="7,0,0,1,3,107" ten="221,262,272,245" oya="3" hai0="91,69,98,32,15,52,22,45,44,99,124,27,96" hai1="94,21,14,135,11,31,57,106,109,70,121,117,89" hai2="103,102,125,77,112,58,113,78,56,55,25,127,36" hai3="1,80,18,65,66,19,30,134,16,92,97,4,35"/><W46/><G134/><T115/><D124/><N who="2" m="47690" /><F25/><W23/><G35/><T93/><D69/><U62/><E109/><V81/><F36/><W67/><G1/><T131/><D131/><U59/><E106/><V2/><F2/><W82/><G4/><T129/><D129/><U118/><E121/><V38/><F38/><W100/><G46/><T28/><D115/><N who="2" m="44106" /><F55/><W95/><G95/><T34/><D44/><U8/><E135/><V68/><F68/><W126/><G126/><T24/><D15/><U105/><E105/><V40/><F40/><W84/><G84/><T9/><D9/><U60/><E70/><V120/><F120/><W79/><G79/><N who="2" m="30217" /><F81/><N who="3" m="31339" /><G30/><T75/><D34/><U61/><E31/><V13/><F13/><AGARI ba="0,0" hai="13,16,18,19,23,65,66,67,92,97,100" m="31339" machi="13" ten="30,2900,0" yaku="8,1,54,1" doraHai="107" who="3" fromWho="2" sc="221,0,262,0,272,-29,245,29" /><INIT seed="7,1,0,3,2,96" ten="221,262,243,274" oya="3" hai0="114,55,21,88,104,94,125,103,4,33,39,37,46" hai1="18,24,78,32,130,35,56,25,65,133,111,5,91" hai2="14,121,41,84,51,66,135,120,27,95,92,28,100" hai3="71,13,36,54,75,106,9,89,76,50,47,83,15"/><W123/><G123/><N who="2" m="47177" /><F66/><W86/><G71/><T68/><D125/><U87/><E111/><V122/><F14/><W62/><G106/><T116/><D68/><U79/><E5/><V119/><F119/><W11/><G36/><T97/><D116/><U132/><E65/><V85/><N who="2" m="47185" /><V67/><DORA hai="3" /><F67/><W110/><G62/><T6/><D33/><U29/><E56/><V53/><F41/><W42/><G110/><T127/><D127/><U57/><E57/><N who="2" m="32959" /><F135/><N who="1" m="51785" /><E130/><V129/><F129/><W38/><G15/><T43/><D37/><U20/><E35/><N who="2" m="20895" /><F92/><AGARI ba="1,0" hai="18,20,24,25,29,32,78,79,87,91,92" m="51785" machi="92" ten="30,1000,0" yaku="20,1" doraHai="96,3" who="1" fromWho="2" sc="221,0,262,13,243,-13,274,0" /><INIT seed="8,0,0,0,5,42" ten="221,275,230,274" oya="0" hai0="97,53,46,134,84,69,59,133,129,121,51,111,87" hai1="56,124,88,68,44,47,123,112,17,115,98,16,110" hai2="22,94,40,82,33,61,120,79,37,35,32,39,1" hai3="24,19,90,36,122,15,102,10,34,91,109,71,104"/><T65/><D121/><U135/><E68/><V52/><F1/><W2/><G36/><T93/><D111/><U96/><E110/><V66/><F120/><W27/><G27/><T132/><D129/><U103/><E123/><V72/><F40/><W125/><G125/><T81/><D69/><U117/><E117/><V107/><F107/><W11/><G11/><T80/><D65/><U31/><E124/><V43/><F43/><W60/><G2/><T74/><D59/><U0/><E0/><V23/><F94/><W105/><G105/><T78/><REACH who="0" step="1"/><D80/><REACH who="0" ten="211,275,230,274" step="2"/><U73/><E56/><V57/><REACH who="2" step="1"/><F66/><REACH who="2" ten="211,275,220,274" step="2"/><W21/><G122/><T7/><D7/><U50/><E115/><V76/><F76/><W92/><G109/><T67/><D67/><U26/><E112/><V113/><F113/><W118/><G118/><T106/><D106/><U30/><E30/><V55/><F55/><W100/><G104/><T101/><AGARI ba="0,2" hai="46,51,53,74,78,81,84,87,93,97,101,132,133,134" machi="101" ten="30,11700,0" yaku="1,1,0,1,20,1,52,1,53,0" doraHai="42" doraHaiUra="20" who="0" fromWho="0" sc="211,137,275,-39,220,-39,274,-39" owari="348,44.0,236,4.0,181,-32.0,235,-16.0" /></mjloggm>