<mjloggm ver="2.3"><GO type="169" lobby="0"/><UN n0="%E7%82%8E%E3%81%AE%E3%83%88%E3%83%AC%E3%83%BC%E3%83%80%E3%83%BC" n1="%E6%B0%B4%E7%84%A1%E6%9C%88%2A%E9%9F%BF" n2="%42%4F%53%23%31%31" n3="%E4%BE%8D" dan="16,16,17,17" rate="2160.51,2081.42,2167.25,2116.87" sx="M,M,M,M"/><TAIKYOKU oya="0"/><INIT seed="0,0,0,0,3,98" ten="250,250,250,250" oya="0" hai0="104,135,120,2,39,110,90,18,91,46,57,102,13" hai1="113,1,8,5,84,53,85,111,20,118,56,45,132" hai2="116,11,88,31,35,63,87,79,128,23,32,9,0" hai3="114,75,50,69,101,125,100,122,89,74,126,58,107"/><T95/><D120/><U119/><E111/><V52/><F128/><W134/><G69/><T3/><D110/><U15/><E132/><V133/><F133/><W51/><G134/><T12/><D135/><U71/><E71/><V49/><F116/><W17/><G114/><T47/><D104/><U48/><E113/><V105/><F105/><W36/><G107/><T94/><D57/><U70/><E70/><V44/><F79/><W26/><G36/><T54/><D39/><U67/><E67/><V42/><F0/><W55/><G89/><T97/><D54/><U117/><E1/><V92/><F35/><W124/><G122/><T106/><D106/><U109/><E109/><V34/><F34/><W78/><G51/><T121/><D97/><U10/><E8/><V112/><F32/><W66/><G66/><T60/><D18/><U22/><E56/><N who="2" m="35207" /><F112/><W33/><G78/><T30/><D121/><U41/><E53/><V29/><F23/><N who="3" m="13679" /><G33/><T24/><D24/><U16/><E22/><V62/><F62/><W93/><G93/><T43/><D60/><U103/><E20/><V129/><F129/><W25/><G25/><T59/><D59/><U115/><E115/><V61/><F61/><W123/><G123/><T64/><D64/><U77/><E5/><V83/><F92/><W127/><N who="3" m="31744" /><DORA hai="130" /><W19/><G19/><T14/><D14/><U7/><E7/><V38/><F38/><W27/><G27/><T68/><D68/><U86/><E77/><V40/><F42/><W6/><G6/><T131/><D43/><U96/><E119/><V76/><F76/><RYUUKYOKU ba="0,0" sc="250,-30,250,10,250,10,250,10" hai1="10,15,16,41,45,48,84,85,86,96,103,117,118" hai2="9,11,29,31,40,44,49,83,87,88" hai3="50,55,58,74,75,100,101" /><INIT seed="1,1,0,1,4,108" ten="220,260,260,260" oya="1" hai0="27,70,2,18,116,0,44,114,20,110,35,51,6" hai1="41,134,7,15,120,56,91,1,23,80,3,100,106" hai2="22,90,17,115,129,135,42,119,8,40,74,69,105" hai3="5,78,13,121,10,117,96,124,85,66,103,48,64"/><U87/><E120/><V33/><F90/><W112/><G121/><T54/><D70/><U24/><E134/><V79/><F40/><W58/><G124/><T34/><D110/><U84/><E41/><V50/><F50/><W67/><G117/><T101/><D116/><U83/><E106/><V4/><F42/><W28/><G28/><T89/><D101/><U62/><E100/><V113/><F69/><W43/><G112/><N who="2" m="43081" /><F119/><W94/><G78/><T118/><D114/><U68/><E68/><V122/><F122/><W21/><G21/><T81/><D118/><U88/><E62/><V133/><F33/><W59/><G85/><T72/><D34/><U71/><E71/><V38/><F38/><W9/><G9/><T63/><D35/><U37/><E37/><V130/><F105/><W111/><G111/><T128/><D63/><U45/><E45/><AGARI ba="1,0" hai="5,10,13,43,45,48,58,59,64,66,67,94,96,103" machi="45" ten="40,1300,0" yaku="8,1" doraHai="108" who="3" fromWho="1" sc="220,0,260,-16,260,0,260,16" /><INIT seed="2,0,0,0,3,70" ten="220,244,260,276" oya="2" hai0="125,21,62,15,128,48,90,20,31,81,82,55,93" hai1="22,74,130,101,30,102,114,59,0,80,88,73,45" hai2="131,2,123,6,119,52,118,103,134,57,37,42,76" hai3="14,19,127,58,108,40,65,26,5,33,12,25,17"/><V133/><F103/><W78/><G78/><T92/><D128/><U99/><E0/><V43/><F76/><W85/><G40/><T95/><D125/><U64/><E114/><V71/><F123/><W50/><G108/><T129/><D129/><U41/><E130/><V35/><F35/><W124/><G85/><T60/><D31/><U24/><E102/><V94/><F94/><W135/><G50/><T69/><D69/><U7/><E7/><V56/><F131/><W27/><G58/><T83/><D90/><U77/><E88/><V1/><F71/><W100/><G65/><T87/><D87/><U34/><E34/><V72/><F6/><W109/><G100/><T89/><D89/><U84/><E99/><V111/><F72/><W63/><G109/><T126/><D126/><N who="3" m="48169" /><G63/><T117/><D117/><U79/><E101/><V38/><F111/><W36/><G5/><T61/><D15/><N who="3" m="5673" /><G36/><T8/><D8/><U115/><E79/><V10/><F10/><W68/><G68/><T96/><D96/><U32/><E74/><V16/><F52/><W112/><G112/><T28/><D28/><U53/><E64/><V18/><AGARI ba="0,0" hai="1,2,16,18,37,38,42,43,56,57,118,119,133,134" machi="18" ten="25,18000,2" yaku="0,1,22,2,52,2,54,1" doraHai="70" who="2" fromWho="2" sc="220,-60,244,-60,260,180,276,-60" /><INIT seed="2,1,0,2,0,51" ten="160,184,440,216" oya="2" hai0="97,48,13,88,72,50,129,60,133,95,102,98,27" hai1="93,34,94,86,56,130,122,128,78,114,132,96,69" hai2="76,7,42,90,75,67,127,109,120,46,47,77,121" hai3="26,21,83,38,49,44,31,62,25,92,73,108,70"/><V45/><F127/><W2/><G108/><T81/><D133/><U57/><E69/><V12/><F109/><W104/><G104/><T55/><D129/><U9/><E34/><V20/><F42/><W29/><G2/><T28/><D13/><U100/><E114/><V65/><F90/><W103/><G38/><T123/><D123/><N who="2" m="47178" /><F12/><W19/><G73/><T89/><D60/><U87/><E122/><V80/><F20/><W8/><G83/><T71/><D50/><U82/><E9/><V79/><F80/><W39/><G39/><T52/><D71/><U14/><E14/><V106/><F106/><W59/><G70/><T40/><D72/><U53/><E132/><V17/><F7/><W35/><G8/><T16/><D28/><U36/><E36/><V115/><F75/><W135/><G19/><T64/><D64/><N who="2" m="24650" /><F17/><W11/><G11/><T63/><D63/><U10/><E10/><V112/><AGARI ba="1,0" hai="45,46,47,76,77,79,112,115" m="24650,47178" machi="112" ten="40,3900,0" yaku="28,2" doraHai="51" who="2" fromWho="2" sc="160,-14,184,-14,440,42,216,-14" /><INIT seed="2,2,0,4,5,76" ten="146,170,482,202" oya="2" hai0="121,120,25,105,11,6,108,94,53,123,126,44,78" hai1="80,30,20,14,39,92,29,0,104,4,102,95,62" hai2="48,10,7,87,54,18,74,52,88,42,82,21,41" hai3="16,59,40,79,12,55,70,43,83,56,132,68,117"/><V66/><F66/><W37/><G117/><T36/><D105/><U115/><E115/><V75/><F75/><W84/><G132/><T73/><D126/><U103/><E39/><V45/><F74/><W32/><G32/><T113/><D113/><U27/><E0/><V130/><F130/><W128/><G128/><T69/><D69/><U35/><E35/><V131/><F131/><W15/><G15/><T9/><D108/><U31/><E104/><V64/><F64/><W67/><G59/><T91/><D25/><U127/><E127/><V86/><F86/><W110/><G110/><T3/><D11/><U98/><E62/><V24/><F42/><W57/><G57/><T133/><D133/><U8/><E80/><V124/><F124/><W106/><G106/><T19/><D19/><U61/><E61/><V90/><F90/><W1/><G1/><AGARI ba="2,0" hai="1,7,10,18,21,24,41,45,48,52,54,82,87,88" machi="1" ten="30,11600,0" yaku="7,1,52,1,54,2" doraHai="76" who="2" fromWho="3" sc="146,0,170,0,482,122,202,-122" /><INIT seed="2,3,0,1,3,17" ten="146,170,604,80" oya="2" hai0="99,57,110,75,7,115,33,128,34,37,79,124,8" hai1="9,84,100,135,43,28,59,11,47,58,12,42,15" hai2="32,91,69,95,29,74,121,120,116,106,45,101,82" hai3="126,72,51,68,123,102,30,41,117,49,3,22,64"/><V46/><F116/><W67/><G72/><T90/><D115/><U4/><E135/><V127/><F69/><W125/><G3/><T134/><D37/><U60/><E100/><V112/><F29/><W132/><G123/><T133/><D110/><U2/><E28/><V48/><F32/><W36/><G102/><T21/><D57/><U94/><E2/><V107/><F112/><W50/><G117/><T20/><D79/><U81/><E94/><V80/><F48/><W26/><G132/><N who="0" m="50795" /><D75/><U88/><E47/><V104/><F45/><N who="3" m="23719" /><G68/><T108/><D108/><U119/><E59/><V14/><F46/><W63/><G63/><T5/><D128/><U6/><E119/><V16/><F101/><W85/><G85/><T89/><D124/><AGARI ba="3,0" hai="22,26,30,49,50,51,64,67,124,125,126" m="23719" machi="124" ten="30,2000,0" yaku="18,1,52,1" doraHai="17" who="3" fromWho="0" sc="146,-29,170,0,604,0,80,29" /><INIT seed="3,0,0,4,1,125" ten="117,170,604,109" oya="3" hai0="17,33,28,120,61,116,51,66,122,46,3,92,40" hai1="62,49,29,30,107,50,1,109,15,24,35,58,74" hai2="16,123,133,63,100,11,127,98,67,76,86,18,104" hai3="71,39,48,96,73,117,70,105,9,54,5,59,87"/><W32/><G117/><T64/><D3/><U90/><E1/><V56/><F127/><W114/><G114/><T99/><D116/><U69/><E74/><V134/><F123/><W53/><G73/><T36/><D36/><U95/><E109/><V112/><F112/><W34/><G39/><T22/><D28/><U126/><E126/><V82/><REACH who="2" step="1"/><F11/><REACH who="2" ten="117,170,594,109" step="2"/><W132/><G132/><AGARI ba="0,1" hai="16,18,56,63,67,76,82,86,98,100,104,132,133,134" machi="132" ten="40,8000,1" yaku="1,1,2,1,20,1,54,1,53,1" doraHai="125" doraHaiUra="80" who="2" fromWho="3" sc="117,0,170,0,594,90,109,-80" /><INIT seed="4,0,0,1,2,60" ten="117,170,684,29" oya="0" hai0="90,42,105,29,92,65,114,111,80,53,22,72,12" hai1="115,83,84,82,99,24,86,40,4,112,130,71,118" hai2="78,10,52,67,119,66,58,63,64,35,135,70,31" hai3="1,134,20,74,59,50,28,57,61,3,88,9,96"/><T121/><D121/><U25/><E118/><V109/><F109/><W131/><G74/><T30/><D105/><U18/><E130/><V7/><F119/><W76/><G134/><T106/><D106/><U104/><E4/><V94/><F135/><W14/><G131/><T44/><D111/><U124/><E40/><V19/><F19/><W97/><G76/><T69/><D53/><U13/><E71/><V32/><F78/><W133/><G133/><T101/><D101/><U107/><E13/><V17/><F17/><W56/><G1/><T46/><D80/><U123/><E18/><V81/><F81/><W132/><G3/><T73/><D12/><U5/><E5/><V125/><F125/><W16/><G132/><T117/><D117/><U128/><E128/><V48/><F94/><N who="3" m="56391" /><G50/><T47/><D42/><U98/><E123/><V113/><F113/><W11/><G97/><T2/><D114/><U120/><E120/><V55/><F55/><W89/><G89/><T68/><D2/><U43/><E43/><V37/><F37/><W127/><G127/><AGARI ba="0,0" hai="24,25,82,83,84,86,98,99,104,107,112,115,124,127" machi="127" ten="25,1600,0" yaku="22,2" doraHai="60" who="1" fromWho="3" sc="117,0,170,16,684,0,29,-16" /><INIT seed="5,0,0,1,4,82" ten="117,186,684,13" oya="1" hai0="18,37,120,129,31,13,75,64,92,118,127,28,110" hai1="15,41,72,105,56,81,17,128,48,66,91,22,40" hai2="104,85,113,79,130,67,77,109,62,39,103,33,133" hai3="99,55,35,117,68,71,23,52,119,125,93,57,47"/><U19/><E105/><V49/><F109/><W9/><G35/><T3/><D3/><U112/><E112/><V134/><F39/><W70/><G9/><T121/><D110/><U74/><E128/><V32/><F130/><W78/><G78/><T80/><D37/><U60/><E74/><V111/><F49/><N who="3" m="28735" /><G23/><T115/><D115/><U84/><E72/><V10/><F10/><W108/><G93/><T50/><D129/><U21/><E48/><V1/><F1/><W29/><G99/><T100/><D75/><U59/><E56/><V98/><F111/><W87/><G29/><T8/><D80/><U86/><E84/><V54/><F85/><W122/><G108/><T101/><D31/><U58/><E58/><V6/><F113/><W123/><G87/><T42/><D28/><U73/><E73/><V88/><F98/><W27/><G27/><AGARI ba="0,0" hai="15,17,19,21,22,27,40,41,59,60,66,81,86,91" machi="27" ten="30,5800,0" yaku="7,1,8,1,52,1" doraHai="82" who="1" fromWho="3" sc="117,0,186,58,684,0,13,-58" owari="117,-28.0,244,4.0,684,79.0,-45,-55.0" /></mjloggm>