<mjloggm ver="2.3"><GO type="169" lobby="0"/><UN n0="%74%6E%66%73%68%32%30%34" n1="%62%69%67%6D%6F%75%74%68" n2="%6B%6F%62%6F%7A%32" n3="%E3%81%8A%E3%81%98%E3%81%95%E3%82%93" dan="18,17,17,18" rate="2237.90,2151.05,2232.89,2235.48" sx="M,M,M,M"/><TAIKYOKU oya="0"/><INIT seed="0,0,0,4,2,101" ten="250,250,250,250" oya="0" hai0="23,11,10,107,98,22,94,106,87,131,102,3,78" hai1="79,62,92,13,25,43,35,49,59,91,6,80,103" hai2="56,104,32,44,115,60,85,69,122,86,88,54,7" hai3="9,55,48,8,39,15,61,47,70,81,73,126,36"/><T113/><D113/><U50/><E103/><V128/><F115/><W16/><G126/><T112/><D112/><U1/><E1/><V127/><F122/><W29/><G29/><T46/><D131/><U117/><E117/><V68/><F127/><W52/><G8/><T5/><D46/><U129/><E129/><V27/><F7/><W125/><G125/><T28/><D11/><U38/><E38/><V119/><F104/><W109/><G109/><T108/><D108/><U90/><E90/><V118/><F85/><W100/><G100/><T123/><D123/><U0/><E0/><V124/><F44/><W82/><G82/><T33/><D33/><U132/><E132/><V51/><F128/><W41/><G41/><T116/><D116/><N who="2" m="44586" /><F60/><W58/><REACH who="3" step="1"/><G70/><REACH who="3" ten="250,250,250,240" step="2"/><T114/><D114/><U14/><E43/><V121/><F121/><W34/><G34/><T133/><D133/><U31/><E80/><N who="2" m="49223" /><F124/><W76/><AGARI ba="0,1" hai="9,15,16,36,39,47,48,52,55,58,61,73,76,81" machi="76" ten="30,7900,0" yaku="1,1,0,1,54,2,53,0" doraHai="101" doraHaiUra="65" who="3" fromWho="3" sc="250,-39,250,-20,250,-20,240,89" /><INIT seed="1,0,0,1,5,104" ten="211,230,230,329" oya="1" hai0="23,92,3,18,116,95,74,33,49,45,86,46,50" hai1="2,128,60,38,58,12,28,120,77,126,1,5,39" hai2="15,69,75,26,99,35,32,121,131,108,16,20,4" hai3="22,89,76,6,72,102,111,65,98,8,90,129,36"/><U62/><E120/><V124/><F69/><W7/><G111/><T122/><D116/><U0/><E126/><V84/><F121/><W66/><G129/><T87/><D122/><U135/><E128/><V19/><F75/><W110/><G110/><T112/><D3/><U125/><E125/><V103/><F124/><W42/><G6/><T52/><D33/><U101/><E135/><V9/><F108/><W123/><G22/><T81/><D74/><U10/><E28/><V54/><F84/><W94/><G123/><T91/><D112/><U55/><E101/><V119/><F119/><W37/><G66/><T114/><D114/><U51/><REACH who="1" step="1"/><E77/><REACH who="1" ten="211,220,230,329" step="2"/><V21/><F131/><W134/><G134/><T105/><D105/><U30/><E30/><V47/><F103/><W24/><G102/><T25/><REACH who="0" step="1"/><D87/><REACH who="0" ten="201,220,230,329" step="2"/><U34/><E34/><V127/><F127/><W71/><G98/><T48/><D48/><U63/><AGARI ba="0,2" hai="0,1,2,5,10,12,38,39,51,55,58,60,62,63" machi="63" ten="40,3900,0" yaku="1,1,0,1,53,0" doraHai="104" doraHaiUra="100" who="1" fromWho="1" sc="201,-13,220,59,230,-13,329,-13" /><INIT seed="1,1,0,1,0,112" ten="188,279,217,316" oya="1" hai0="120,83,57,47,22,64,66,95,114,23,107,89,101" hai1="35,85,50,113,20,54,18,39,125,68,82,15,9" hai2="53,70,3,40,92,1,122,126,103,130,52,96,134" hai3="135,46,55,4,60,67,117,74,131,133,132,119,80"/><U105/><E113/><V104/><F122/><W69/><G4/><T61/><D114/><U14/><E39/><V6/><F70/><W5/><G5/><T38/><D120/><U27/><E105/><V2/><F130/><W118/><G131/><T7/><D83/><U129/><E68/><V25/><F134/><W63/><G63/><T12/><D66/><U0/><E129/><V127/><F6/><W116/><G116/><T33/><D33/><U21/><E0/><V115/><F115/><W90/><G90/><T91/><D107/><U65/><E65/><V29/><F40/><W73/><G80/><T16/><D23/><U51/><E35/><V86/><F86/><W124/><G124/><N who="2" m="47657" /><F104/><W100/><G100/><T81/><D81/><U84/><E125/><V79/><F79/><W10/><G10/><T109/><D109/><U87/><E82/><V30/><F30/><W42/><G55/><T43/><REACH who="0" step="1"/><D7/><REACH who="0" ten="178,279,217,316" step="2"/><U59/><E21/><AGARI ba="1,1" hai="1,2,3,21,25,29,52,53,92,96,103" m="47657" machi="21" ten="40,2600,0" yaku="18,1,54,1" doraHai="112" who="2" fromWho="1" sc="178,0,279,-29,217,39,316,0" /><INIT seed="2,0,0,5,5,39" ten="178,250,256,316" oya="2" hai0="90,119,48,31,61,124,42,29,6,131,14,7,122" hai1="36,11,123,67,121,72,20,74,128,24,15,102,130" hai2="104,46,66,84,95,52,70,23,43,4,114,88,110" hai3="30,120,41,113,106,3,87,22,68,82,5,50,76"/><V21/><F110/><W125/><G120/><N who="1" m="46154" /><E67/><V129/><F104/><W118/><G118/><T8/><D122/><U133/><E102/><V105/><F105/><W78/><G68/><T75/><D75/><U38/><E133/><V12/><F129/><N who="1" m="49769" /><E74/><V109/><F109/><W99/><G99/><T16/><D131/><U100/><E100/><V117/><F114/><W97/><G97/><T108/><D108/><U26/><E72/><V40/><F66/><W1/><G106/><T101/><D101/><U51/><E51/><N who="2" m="28791" /><F70/><W92/><G50/><T35/><D61/><U59/><E59/><V47/><F117/><W53/><G78/><T65/><D65/><U57/><E57/><V103/><F103/><W96/><G76/><T77/><D77/><U98/><E98/><V132/><F132/><W10/><G96/><T64/><D64/><U13/><E38/><V37/><F37/><W89/><G87/><T126/><D119/><U44/><E36/><V91/><F91/><W81/><G89/><T32/><D90/><U60/><E60/><V79/><F47/><W25/><G113/><T94/><D94/><U17/><E44/><V83/><F4/><AGARI ba="0,0" hai="4,11,13,15,17,20,24,26" m="49769,46154" machi="4" ten="30,7700,0" yaku="13,1,19,1,34,2" doraHai="39" who="1" fromWho="2" sc="178,0,250,77,256,-77,316,0" /><INIT seed="3,0,0,3,0,47" ten="178,327,179,316" oya="3" hai0="26,107,82,88,63,2,111,5,49,41,27,106,68" hai1="99,12,0,7,16,38,110,112,108,25,24,103,32" hai2="72,113,23,128,43,95,44,42,21,31,131,93,96" hai3="100,116,87,55,125,94,52,85,84,64,22,134,9"/><W115/><G115/><T67/><D111/><N who="1" m="42539" /><E112/><V1/><F1/><W40/><G116/><T57/><D2/><U17/><E38/><V36/><F72/><W104/><G104/><T133/><D133/><U10/><E99/><V46/><F113/><W122/><G122/><T54/><D5/><U50/><E103/><V6/><F6/><W127/><G134/><T11/><D11/><N who="1" m="2535" /><E32/><V18/><F31/><W78/><G40/><T8/><D8/><U119/><E119/><V13/><F23/><W66/><G9/><T77/><D107/><U19/><E50/><V39/><REACH who="2" step="1"/><F96/><REACH who="2" ten="178,327,169,316" step="2"/><N who="3" m="59415" /><G22/><T126/><D126/><N who="3" m="48137" /><G78/><T60/><D106/><U89/><E89/><V14/><F14/><W58/><G55/><T129/><D77/><U69/><E69/><V53/><F53/><W109/><G109/><T71/><D41/><U70/><E70/><V90/><F90/><W118/><G118/><T62/><D71/><U48/><E12/><V75/><F75/><W4/><G4/><T130/><D26/><U51/><E25/><V35/><F35/><W20/><G20/><T45/><D27/><U37/><E24/><V73/><F73/><W123/><G123/><T101/><D68/><U114/><E114/><V132/><F132/><W117/><G117/><T61/><REACH who="0" step="1"/><D101/><REACH who="0" ten="168,327,169,316" step="2"/><U98/><E19/><V92/><AGARI ba="0,2" hai="13,18,21,36,39,42,43,44,46,92,93,95,128,131" machi="92" ten="30,4000,0" yaku="1,1,0,1,9,1,53,0" doraHai="47" doraHaiUra="120" who="2" fromWho="2" sc="168,-10,327,-10,169,60,316,-20" /><INIT seed="4,0,0,5,4,102" ten="158,317,229,296" oya="0" hai0="22,35,33,56,14,84,78,59,123,93,30,71,110" hai1="38,48,69,133,68,96,135,27,122,88,90,45,9" hai2="23,52,125,29,26,37,32,124,73,21,109,53,11" hai3="118,0,24,60,131,65,75,83,19,132,126,10,107"/><T95/><D71/><U105/><E122/><V8/><F73/><W134/><G118/><T31/><D123/><U111/><E111/><V82/><F37/><W42/><G42/><T1/><D14/><U66/><E38/><V43/><F43/><W72/><G126/><N who="2" m="48745" /><F109/><W6/><G131/><T106/><D110/><U116/><E116/><V74/><F23/><N who="3" m="13439" /><G107/><T127/><D127/><U13/><E27/><N who="2" m="18495" /><F82/><W101/><G101/><T92/><D22/><U7/><E66/><V121/><F74/><W94/><G94/><T17/><D17/><U28/><E28/><N who="2" m="17487" /><F121/><W120/><G83/><T91/><D95/><U117/><E117/><V20/><F20/><W89/><G89/><T39/><D39/><U47/><E90/><V49/><F53/><W4/><G4/><T76/><D91/><U108/><E108/><V98/><F98/><W51/><G120/><T97/><D97/><U16/><E7/><V55/><F55/><W79/><G79/><T119/><D119/><U112/><E88/><V50/><F50/><W62/><G51/><T3/><D84/><U81/><E81/><V54/><F54/><W40/><G40/><T57/><D59/><AGARI ba="0,0" hai="8,11,49,52,59" m="17487,18495,48745" machi="59" ten="30,2000,0" yaku="18,1,54,1" doraHai="102" who="2" fromWho="0" sc="158,-20,317,0,229,20,296,0" /><INIT seed="5,0,0,5,1,111" ten="138,317,249,296" oya="1" hai0="38,105,26,55,88,58,35,11,3,0,70,120,90" hai1="45,84,37,128,59,80,9,74,118,5,133,40,68" hai2="117,129,94,75,125,44,24,34,123,100,86,126,13" hai3="114,31,27,16,54,36,22,61,121,108,14,87,130"/><U17/><E118/><V97/><F75/><W20/><G108/><T101/><D38/><U8/><E68/><V57/><F117/><W115/><G121/><T39/><D39/><U50/><E133/><V99/><F123/><W122/><G122/><T104/><D70/><U89/><E128/><V2/><F2/><W127/><G36/><T73/><D73/><U71/><E71/><V46/><F86/><W91/><G130/><T15/><D120/><U47/><E74/><V56/><F13/><W124/><G54/><T43/><D43/><U78/><E59/><V76/><F76/><W52/><G52/><T135/><D135/><U109/><E109/><V106/><F24/><W112/><G61/><T23/><D35/><U102/><E102/><V60/><F34/><W63/><G63/><T30/><D3/><U32/><E32/><V81/><F81/><AGARI ba="0,0" hai="14,16,20,22,27,31,81,87,91,112,114,115,124,127" machi="81" ten="40,8000,1" yaku="15,1,52,3,54,1" doraHai="111" who="3" fromWho="2" sc="138,0,317,0,249,-80,296,80" /><INIT seed="6,0,0,3,3,102" ten="138,317,169,376" oya="2" hai0="83,110,98,125,55,20,30,92,51,130,27,35,61" hai1="15,53,40,47,22,11,72,86,24,45,75,96,84" hai2="80,67,135,14,65,106,128,63,68,7,111,114,126" hai3="82,112,95,129,133,107,56,119,59,76,77,57,44"/><V85/><F114/><W115/><G119/><T132/><D110/><U41/><E53/><V89/><F126/><W13/><G129/><T39/><D130/><U127/><E96/><V117/><F117/><W62/><G133/><T0/><D132/><U8/><E22/><V113/><F113/><N who="3" m="43595" /><G107/><T100/><D125/><U104/><E127/><V28/><F135/><W88/><G44/><T90/><D0/><U131/><E131/><V64/><F128/><W32/><G32/><T78/><D39/><U122/><E15/><V66/><F111/><W19/><G62/><T120/><D120/><U5/><E5/><V3/><F28/><W60/><G60/><T16/><D61/><U6/><E6/><V103/><F3/><W4/><G82/><T29/><D100/><U58/><E58/><V101/><REACH who="2" step="1"/><F106/><REACH who="2" ten="138,317,159,376" step="2"/><W2/><G2/><T26/><D30/><U118/><E118/><V124/><F124/><W109/><G109/><T50/><REACH who="0" step="1"/><D55/><REACH who="0" ten="128,317,159,376" step="2"/><U69/><E122/><V25/><F25/><W10/><G4/><T33/><D33/><U23/><E24/><V52/><F52/><W74/><G74/><AGARI ba="0,2" hai="16,20,26,27,29,35,50,51,74,78,83,90,92,98" machi="74" ten="30,3900,0" yaku="1,1,7,1,54,1,53,0" doraHai="102" doraHaiUra="37" who="0" fromWho="3" sc="128,59,317,0,159,0,376,-39" /><INIT seed="7,0,0,4,2,60" ten="187,317,159,337" oya="3" hai0="132,50,129,97,73,39,104,17,93,86,118,134,65" hai1="61,103,22,117,1,106,69,105,124,62,15,36,38" hai2="34,120,72,71,48,79,23,33,41,2,3,130,83" hai3="127,77,49,108,11,25,37,43,100,47,64,112,54"/><W102/><G112/><T80/><D118/><U26/><E117/><V121/><F23/><W85/><G127/><T29/><D39/><U114/><E1/><V28/><F48/><W24/><G108/><T92/><D73/><U126/><E114/><V70/><F41/><W57/><G64/><T82/><D29/><U32/><E15/><V110/><F110/><W44/><G11/><T35/><D35/><U40/><E62/><V6/><F130/><W90/><G77/><T63/><D129/><U67/><E32/><V81/><F6/><W10/><G10/><T30/><D30/><U68/><E68/><V95/><F95/><N who="0" m="36426" /><D17/><U75/><E75/><V131/><F131/><W46/><G43/><T125/><D50/><U88/><E88/><V91/><F91/><W78/><G78/><T20/><D20/><U18/><E40/><V119/><F79/><W31/><G37/><N who="1" m="14442" /><E103/><N who="3" m="39466" /><G31/><T12/><D12/><U8/><E8/><V14/><F14/><W66/><G66/><T56/><D125/><AGARI ba="0,0" hai="18,22,26,61,67,69,105,106,124,125,126" m="14442" machi="125" ten="30,2000,0" yaku="18,1,52,1" doraHai="60" who="1" fromWho="0" sc="187,-20,317,20,159,0,337,0" owari="167,-23.0,337,43.0,159,-34.0,337,14.0" /></mjloggm>