<mjloggm ver="2.3"><GO type="169" lobby="0"/><UN n0="%E3%83%AC%E3%82%AA%E3%83%B3%E3%83%8F%E3%83%AB%E3%83%88" n1="%6E%7A%6B" n2="%E3%81%91%E3%81%9F%E3%82%93" n3="%E5%8F%A4%E6%B2%B3%E6%B8%9A" dan="16,16,16,16" rate="2114.05,2080.19,2067.61,2180.03" sx="M,M,M,F"/><TAIKYOKU oya="0"/><INIT seed="0,0,0,4,4,134" ten="250,250,250,250" oya="0" hai0="63,26,64,90,120,97,129,42,76,43,106,87,73" hai1="34,32,7,132,15,67,100,51,2,83,88,119,25" hai2="23,103,8,111,59,128,3,35,78,53,17,85,77" hai3="50,55,102,48,33,29,81,27,40,21,65,116,130"/><T18/><D120/><U96/><E119/><V82/><F128/><W105/><G116/><T31/><D129/><U112/><E112/><V20/><F35/><W11/><G130/><T0/><D18/><U75/><E132/><V36/><F36/><W101/><G65/><T93/><D0/><U86/><E2/><V98/><F111/><W37/><G37/><T113/><D73/><U117/><E117/><V114/><F78/><W89/><G105/><T115/><D115/><U92/><E67/><V84/><F84/><N who="3" m="50319" /><G33/><T108/><D108/><U56/><E25/><V122/><F122/><W30/><G30/><T133/><D133/><U123/><E123/><V79/><F79/><W16/><G40/><T66/><D66/><U72/><E72/><V131/><F131/><W60/><G60/><T57/><D113/><U54/><REACH who="1" step="1"/><E75/><REACH who="1" ten="250,240,250,250" step="2"/><V91/><F114/><W9/><G29/><T6/><D6/><U19/><E19/><V80/><F17/><W58/><G9/><AGARI ba="0,1" hai="7,9,15,32,34,51,54,56,83,86,88,92,96,100" machi="9" ten="40,2600,0" yaku="1,1,54,1,53,0" doraHai="134" doraHaiUra="124" who="1" fromWho="3" sc="250,0,240,36,250,0,250,-26" /><INIT seed="1,0,0,0,5,76" ten="250,276,250,224" oya="1" hai0="31,117,33,21,14,30,99,67,106,9,98,16,19" hai1="68,3,103,122,78,97,20,5,105,79,56,131,82" hai2="26,93,57,86,95,87,101,54,108,41,11,77,96" hai3="135,25,60,110,50,132,36,4,109,48,73,111,119"/><U130/><E122/><V59/><F108/><W12/><G73/><T100/><D117/><U71/><E56/><V55/><F41/><W6/><G36/><T23/><D33/><U66/><E78/><V83/><F26/><W34/><G60/><T45/><D67/><U129/><E20/><V126/><F126/><W38/><G38/><T49/><D98/><U8/><REACH who="1" step="1"/><E66/><REACH who="1" ten="250,266,250,224" step="2"/><V37/><F37/><W64/><G64/><T17/><D23/><U121/><E121/><V39/><F39/><W47/><G119/><T127/><D127/><U58/><E58/><N who="2" m="22027" /><F11/><W35/><G47/><T102/><D21/><U42/><E42/><V85/><F55/><W44/><G44/><T72/><D9/><U88/><E88/><N who="2" m="53391" /><F54/><W0/><G50/><T46/><D49/><U65/><E65/><V123/><F123/><W74/><G48/><T70/><D46/><U28/><E28/><V18/><F77/><W52/><G52/><T75/><D45/><U15/><E15/><V128/><F128/><W63/><G12/><T51/><D14/><U13/><E13/><V112/><F112/><W107/><G110/><T1/><D51/><U29/><E29/><V114/><F114/><W113/><G113/><T104/><D31/><U89/><E89/><N who="2" m="51423" /><F18/><W116/><G109/><T27/><D19/><U124/><E124/><V118/><F118/><W32/><G116/><T7/><D17/><U2/><E2/><V91/><F91/><W120/><G0/><T80/><D1/><U115/><E115/><V40/><F40/><W94/><G111/><T133/><D30/><U43/><E43/><RYUUKYOKU ba="0,1" sc="250,-15,266,15,250,15,224,-15" hai1="3,5,8,68,71,79,82,97,103,105,129,130,131" hai2="87,95,96,101" /><INIT seed="1,1,1,4,5,135" ten="235,281,265,209" oya="1" hai0="14,82,127,113,33,89,1,66,50,34,23,78,59" hai1="28,74,39,9,112,64,8,32,21,6,106,95,51" hai2="40,54,117,84,43,2,114,88,71,131,103,63,119" hai3="128,97,29,45,42,123,27,18,7,111,102,132,121"/><U98/><E112/><V100/><F2/><W31/><G132/><T37/><D37/><U38/><E106/><V20/><F114/><W36/><G111/><T101/><D1/><U70/><E74/><V108/><F108/><W91/><G128/><T3/><D3/><U134/><E134/><V104/><F131/><W12/><G7/><T75/><D101/><U15/><E32/><V73/><F73/><W19/><G91/><T25/><D113/><U48/><E39/><V13/><F104/><W116/><G29/><T30/><D89/><U133/><E38/><V80/><F71/><W11/><G18/><T10/><D127/><U99/><E99/><V35/><F35/><W92/><REACH who="3" step="1"/><G116/><REACH who="3" ten="235,281,265,199" step="2"/><T5/><D30/><U41/><E133/><V124/><F119/><W53/><G53/><T96/><D5/><U110/><E110/><V46/><F117/><W125/><G125/><T90/><D90/><U56/><E28/><V107/><F124/><W105/><G105/><T26/><D78/><U17/><E6/><V44/><F107/><W24/><G24/><T129/><D26/><U72/><E17/><N who="2" m="10287" /><F103/><W0/><G0/><T86/><D25/><U77/><E15/><V68/><F100/><W57/><G57/><T47/><D14/><U109/><E109/><V83/><F68/><W94/><G94/><T58/><D59/><U126/><E56/><N who="2" m="35223" /><F83/><W85/><G85/><T52/><D86/><U61/><E70/><V65/><F65/><W4/><G4/><T118/><D66/><U62/><E64/><V79/><F88/><W122/><G122/><T67/><D118/><RYUUKYOKU ba="1,2" sc="235,-15,281,-15,265,15,199,15" hai2="40,43,44,46,79,80,84" hai3="11,12,19,27,31,36,42,45,92,97,102,121,123" /><INIT seed="2,2,2,5,1,106" ten="220,266,280,214" oya="2" hai0="82,96,47,34,12,77,70,128,63,66,101,37,38" hai1="113,110,87,69,117,68,1,32,21,10,121,65,16" hai2="42,17,0,122,24,109,18,71,35,98,132,126,116" hai3="84,107,120,51,105,59,133,92,62,115,60,56,131"/><V33/><F71/><W130/><G120/><T46/><D34/><N who="2" m="12810" /><F42/><W61/><G133/><T27/><D128/><N who="3" m="49193" /><G115/><T28/><D27/><U76/><E113/><V31/><F98/><W11/><G11/><T78/><D28/><U129/><E117/><V89/><F89/><N who="3" m="53287" /><G51/><T74/><D12/><U3/><E129/><V72/><F72/><W13/><G13/><T134/><D78/><U75/><E121/><V83/><F83/><W112/><G112/><T6/><D6/><U67/><E75/><V43/><F122/><W53/><G62/><T5/><D5/><U64/><E10/><V57/><F116/><W118/><G118/><T25/><D25/><U58/><E1/><V55/><F132/><W4/><G4/><T85/><D85/><U40/><E3/><V127/><F0/><W123/><G123/><T30/><D134/><U125/><E87/><V22/><F43/><W41/><G41/><T124/><D37/><U14/><E40/><V23/><F23/><W39/><G39/><T108/><D38/><U93/><E32/><V48/><F109/><W49/><G61/><T88/><D63/><U135/><E110/><V91/><F91/><W86/><G86/><T44/><D88/><U36/><E135/><V90/><F90/><W99/><G99/><T8/><D96/><U20/><E36/><V54/><F54/><AGARI ba="2,2" hai="49,53,54,56,59,60,105,107" m="53287,49193" machi="54" ten="30,1000,0" yaku="19,1" doraHai="106" who="3" fromWho="2" sc="220,0,266,0,280,-16,214,36" /><INIT seed="3,0,0,3,4,62" ten="220,266,264,250" oya="3" hai0="121,86,132,118,122,110,36,31,77,70,27,28,61" hai1="58,76,89,52,106,80,18,3,91,101,60,11,46" hai2="114,47,17,41,37,50,73,49,57,113,63,130,39" hai3="97,82,12,55,102,16,133,14,71,54,90,79,65"/><W125/><G125/><T84/><D118/><U6/><E106/><V111/><F73/><W32/><G133/><T69/><D36/><N who="2" m="13898" /><F17/><W43/><G43/><T112/><D61/><U35/><E101/><V48/><F130/><W13/><G32/><T9/><D9/><U103/><E103/><V64/><F111/><W59/><G71/><T92/><D92/><U115/><E115/><AGARI ba="0,0" hai="41,47,48,49,50,57,63,64,113,114,115" m="13898" machi="115" ten="30,3900,0" yaku="34,2,52,1" doraHai="62" who="2" fromWho="1" sc="220,0,266,-39,264,39,250,0" /><INIT seed="4,0,0,2,1,73" ten="220,227,303,250" oya="0" hai0="108,2,28,67,91,93,85,129,125,56,94,84,134" hai1="35,33,63,96,75,25,78,26,68,113,135,7,18" hai2="122,70,76,98,55,29,10,97,72,23,9,36,126" hai3="52,22,46,131,57,121,118,53,81,80,107,38,5"/><T110/><D2/><U15/><E135/><V8/><F70/><W17/><G118/><T16/><D28/><U0/><E96/><V20/><F36/><W30/><G107/><T102/><D134/><U86/><E75/><V65/><F126/><W41/><G131/><T111/><D125/><U79/><E113/><V45/><F65/><W27/><G121/><T104/><D129/><U48/><E48/><N who="2" m="29071" /><F72/><W21/><G5/><T6/><D6/><U34/><E86/><V114/><F114/><W19/><G30/><T89/><D102/><U77/><E7/><V44/><F44/><W12/><REACH who="3" step="1"/><G53/><REACH who="3" ten="220,227,303,240" step="2"/><T61/><D104/><U32/><E0/><V109/><F29/><W59/><G59/><T62/><D62/><AGARI ba="0,1" hai="12,17,19,21,22,27,38,41,46,52,57,62,80,81" machi="62" ten="30,7700,0" yaku="1,1,7,1,54,1,53,1" doraHai="73" doraHaiUra="54" who="3" fromWho="0" sc="220,-77,227,0,303,0,240,87" /><INIT seed="5,0,0,5,1,37" ten="143,227,303,327" oya="1" hai0="7,50,126,88,93,6,106,81,112,4,59,103,18" hai1="33,51,116,75,111,79,1,64,85,115,16,118,84" hai2="32,10,90,69,0,130,66,105,49,56,36,8,67" hai3="26,40,5,76,43,24,86,129,133,134,30,14,68"/><U45/><E115/><V124/><F105/><W65/><G129/><T70/><D70/><U98/><E64/><V107/><F107/><W58/><G68/><T52/><D112/><U104/><E111/><V127/><F32/><W135/><G5/><T11/><D126/><U100/><E1/><V96/><F36/><W13/><G58/><T102/><D106/><U110/><E33/><V35/><F35/><N who="3" m="20935" /><G26/><T94/><D94/><U101/><E101/><V19/><F69/><W39/><G65/><T60/><D81/><U3/><E3/><V62/><F0/><W71/><G39/><T117/><D117/><U47/><E47/><V132/><F67/><W109/><G109/><T87/><D50/><U12/><E75/><V28/><F28/><W128/><G128/><T119/><D119/><U92/><E84/><V123/><F130/><W22/><G71/><T2/><D2/><U108/><E108/><V9/><F123/><W61/><G61/><T34/><D34/><U23/><E110/><V74/><F49/><W41/><G22/><T121/><D121/><U120/><E120/><V114/><F114/><W20/><G20/><T38/><D38/><U131/><E131/><V27/><F127/><W97/><G97/><T53/><D53/><N who="1" m="29935" /><E79/><V78/><F124/><W21/><G21/><T95/><D95/><U77/><E77/><V125/><F78/><W29/><G29/><T83/><D93/><U44/><E44/><V42/><F125/><W25/><G25/><T63/><D60/><U15/><E12/><AGARI ba="0,0" hai="4,6,7,11,12,18,52,59,63,83,87,88,102,103" machi="12" ten="40,5200,0" yaku="8,1,54,2" doraHai="37" who="0" fromWho="1" sc="143,52,227,-52,303,0,327,0" /><INIT seed="6,0,0,1,2,50" ten="195,175,303,327" oya="2" hai0="49,108,70,31,103,75,132,39,1,87,64,36,106" hai1="33,57,32,98,67,51,118,27,65,85,23,45,133" hai2="0,86,26,84,4,25,122,42,48,123,82,102,37" hai3="69,99,38,17,19,96,83,124,11,91,14,107,72"/><V73/><F102/><W9/><G38/><T56/><D75/><U2/><E118/><V131/><F131/><W21/><G69/><T95/><D1/><U112/><E2/><V114/><F114/><W13/><G124/><T46/><D108/><U126/><E112/><V52/><F42/><W100/><G72/><T127/><D127/><U60/><E133/><V105/><F105/><W94/><G83/><T74/><D74/><U10/><E10/><AGARI ba="0,0" hai="9,10,11,13,14,17,19,21,91,94,96,99,100,107" machi="10" ten="30,1000,0" yaku="7,1" doraHai="50" who="3" fromWho="1" sc="195,0,175,-10,303,0,327,10" /><INIT seed="7,0,0,1,1,37" ten="195,165,303,337" oya="3" hai0="56,15,20,59,14,34,105,111,51,118,7,79,26" hai1="17,83,93,1,84,32,35,30,96,117,63,125,106" hai2="114,4,131,9,66,133,134,127,103,58,3,40,72" hai3="5,80,36,81,48,120,53,77,135,25,109,71,18"/><W101/><G120/><T108/><D118/><U121/><E121/><V22/><F72/><W74/><G36/><T91/><D105/><U130/><E117/><V49/><F114/><W31/><G71/><T33/><D34/><U28/><E125/><V124/><F103/><W85/><G135/><N who="2" m="51721" /><F22/><W122/><G122/><T57/><D33/><U116/><E116/><V128/><F66/><W19/><G5/><T102/><D79/><U126/><E126/><N who="2" m="48171" /><F58/><W86/><G101/><T50/><D102/><U38/><E38/><V55/><F55/><W89/><G74/><T132/><D59/><U98/><E106/><V92/><F92/><W13/><G13/><T12/><D57/><U73/><E1/><V100/><F100/><W99/><G99/><T6/><D56/><U44/><E73/><V62/><F62/><W67/><G109/><T69/><D132/><U70/><E98/><V95/><F95/><W60/><G60/><T11/><D111/><U47/><E32/><V90/><F90/><W78/><G89/><T123/><D91/><N who="1" m="55359" /><E17/><N who="3" m="6154" /><G67/><T0/><D108/><U52/><E35/><V112/><F112/><W27/><G31/><N who="1" m="11818" /><E130/><N who="2" m="49707" /><F49/><W42/><G53/><T94/><D123/><U54/><E70/><V113/><F113/><W23/><G23/><T39/><D69/><U10/><E10/><V43/><AGARI ba="0,0" hai="3,4,9,40,43" m="49707,48171,51721" machi="43" ten="40,32000,5" yakuman="39" doraHai="37" who="2" fromWho="2" paoWho="1" sc="195,0,165,-320,303,320,337,0" owari="195,-20.0,-155,-66.0,623,72.0,337,14.0" /></mjloggm>