<mjloggm ver="2.3"><GO type="169" lobby="0"/><UN n0="%E6%96%87%58" n1="%E6%9D%BE%E5%B1%8B%E3%81%8A%E3%81%98%E3%81%95%E3%82%93" n2="%E3%82%8A%E3%82%80%E3%81%A1%E3%82%88%E3%82%8D%E3%81%A3" n3="%41%6D%61%79%62%65" dan="16,17,16,16" rate="2118.77,2191.44,2155.66,2086.56" sx="F,M,M,M"/><TAIKYOKU oya="0"/><INIT seed="0,0,0,2,0,37" ten="250,250,250,250" oya="0" hai0="40,65,70,81,2,17,38,42,76,51,43,7,63" hai1="84,108,68,113,59,34,20,120,66,112,27,1,83" hai2="50,78,109,5,36,62,11,0,125,130,77,47,128" hai3="86,127,100,15,110,58,95,103,72,57,116,21,25"/><T106/><D106/><U18/><E120/><V22/><F109/><W67/><G116/><T107/><D107/><U98/><E108/><V19/><F125/><W105/><G72/><T114/><D114/><U90/><E68/><V94/><F36/><W74/><G74/><T31/><D31/><U61/><E1/><V33/><F33/><W24/><G127/><T119/><D119/><U115/><E98/><V91/><F62/><W4/><G105/><T46/><D17/><U93/><E93/><V60/><F60/><W30/><G25/><T48/><D48/><U32/><AGARI ba="0,0" hai="18,20,27,32,34,59,61,66,83,84,90,112,113,115" machi="32" ten="40,2700,0" yaku="0,1,11,1" doraHai="37" who="1" fromWho="1" sc="250,-13,250,27,250,-7,250,-7" /><INIT seed="1,0,0,5,4,44" ten="237,277,243,243" oya="1" hai0="115,132,53,101,114,39,88,27,126,48,9,11,98" hai1="35,50,134,102,13,84,14,67,12,108,47,89,75" hai2="33,60,15,37,100,0,7,2,45,55,59,40,118" hai3="68,128,74,79,21,119,16,19,87,62,124,58,110"/><U117/><E117/><V78/><F118/><W95/><G110/><T116/><D39/><U52/><E75/><V4/><F33/><W1/><G119/><T25/><D126/><U71/><E134/><V64/><F100/><W43/><G124/><T28/><D132/><U70/><E108/><V36/><F36/><W103/><G1/><T46/><D116/><U77/><E77/><V20/><F78/><W113/><G68/><T80/><D115/><U63/><E35/><V85/><F85/><W18/><G74/><T130/><D130/><U54/><E102/><V41/><F41/><W83/><G128/><T51/><D114/><U121/><E121/><V123/><F123/><W111/><G111/><T96/><D101/><U97/><E97/><N who="0" m="37481" /><D28/><U17/><E54/><V49/><F7/><W127/><G127/><T92/><D80/><U31/><E31/><V29/><F4/><W86/><G43/><N who="0" m="24671" /><D25/><U133/><E133/><V34/><F34/><W65/><G113/><T6/><D27/><U104/><E104/><V105/><F105/><W93/><G103/><T73/><D73/><U3/><E3/><V72/><F72/><W109/><G109/><T38/><D38/><U131/><E131/><V106/><F106/><W107/><G107/><T81/><D81/><N who="1" m="49295" /><E71/><N who="2" m="42375" /><F29/><W91/><REACH who="3" step="1"/><G95/><REACH who="3" ten="237,277,243,233" step="2"/><T10/><D92/><U122/><E122/><V42/><F42/><W23/><AGARI ba="0,1" hai="16,18,19,21,23,58,62,65,79,83,86,87,91,93" machi="23" ten="30,8000,1" yaku="1,1,2,1,0,1,8,1,54,1,53,0" doraHai="44" doraHaiUra="8" who="3" fromWho="3" sc="237,-20,277,-40,243,-20,233,90" /><INIT seed="2,0,0,1,4,30" ten="217,237,223,323" oya="2" hai0="118,132,66,46,116,84,97,129,12,60,130,77,5" hai1="2,78,29,96,85,92,3,121,18,125,109,135,49" hai2="119,58,47,34,100,91,70,32,19,117,0,72,23" hai3="51,39,75,14,57,63,36,65,1,114,20,21,40"/><V103/><F70/><W112/><G1/><T52/><D97/><U110/><E125/><V67/><F0/><W128/><G75/><T56/><D77/><U41/><E135/><V127/><F72/><W98/><G128/><N who="0" m="49259" /><D84/><U83/><E121/><V55/><F127/><W108/><G108/><N who="1" m="41578" /><E18/><V15/><F67/><W10/><G98/><T68/><D5/><U62/><E62/><V89/><F47/><N who="3" m="26087" /><G36/><T124/><D12/><U16/><E29/><V115/><F115/><N who="3" m="44075" /><G39/><T25/><D25/><U131/><E131/><V76/><F76/><W54/><G54/><T31/><D31/><U73/><E73/><V13/><F55/><W53/><G53/><T111/><D111/><U81/><E41/><V80/><F19/><AGARI ba="0,0" hai="10,14,19,20,21,57,63,65" m="44075,26087" machi="19" ten="30,1000,0" yaku="11,1" doraHai="30" who="3" fromWho="2" sc="217,0,237,0,223,-10,323,10" /><INIT seed="3,0,0,0,4,113" ten="217,237,213,333" oya="3" hai0="21,93,61,69,19,45,7,35,43,97,23,106,2" hai1="22,18,60,10,63,50,80,132,99,0,82,118,3" hai2="87,111,38,1,13,90,131,107,24,81,130,98,37" hai3="55,89,56,59,94,127,122,73,49,27,74,70,79"/><W133/><G122/><T48/><D35/><U83/><E132/><V116/><F1/><W41/><G133/><T64/><D106/><U103/><E50/><V91/><F111/><W29/><G70/><T30/><D30/><U52/><E118/><V11/><F116/><W32/><G127/><T75/><D75/><U47/><E10/><V102/><F24/><W76/><G41/><T25/><D7/><U126/><E126/><V110/><F110/><W58/><G74/><T77/><D77/><U39/><E39/><V134/><F134/><W105/><G105/><T36/><D2/><U34/><E34/><V119/><F119/><W129/><G129/><N who="2" m="49161" /><F90/><W12/><G12/><T8/><D8/><U96/><E96/><V120/><F120/><W62/><G73/><T65/><D23/><U44/><E3/><V109/><F109/><W26/><G26/><T9/><D9/><U54/><E0/><V85/><F85/><W68/><G68/><T17/><D17/><AGARI ba="0,0" hai="11,13,17,37,38,81,87,91,98,102,107" m="49161" machi="17" ten="30,1000,0" yaku="19,1" doraHai="113" who="2" fromWho="0" sc="217,-10,237,0,213,10,333,0" /><INIT seed="4,0,0,4,4,25" ten="207,237,223,333" oya="0" hai0="123,6,127,8,69,70,99,96,124,30,94,50,55" hai1="53,89,75,49,21,48,12,93,81,128,130,109,120" hai2="91,80,119,113,14,42,103,7,63,46,98,116,34" hai3="97,13,114,74,20,134,17,68,88,3,59,57,19"/><T73/><D123/><U15/><E109/><V64/><F34/><W52/><G74/><T66/><D73/><U125/><E120/><V32/><F32/><W4/><G68/><T126/><D66/><U115/><E125/><V33/><F33/><W26/><G114/><T45/><D30/><U85/><E115/><V104/><F113/><W92/><G134/><T122/><D122/><U72/><E49/><V41/><F91/><W106/><G106/><T77/><D77/><N who="1" m="44223" /><E72/><V65/><F80/><W39/><G39/><T90/><REACH who="0" step="1"/><D99/><REACH who="0" ten="197,237,223,333" step="2"/><U29/><E29/><V44/><F65/><W47/><G97/><T38/><D38/><U22/><E128/><V71/><F116/><W86/><G3/><AGARI ba="0,1" hai="3,6,8,45,50,55,69,70,90,94,96,124,126,127" machi="3" ten="40,3900,0" yaku="1,1,18,1,53,0" doraHai="25" doraHaiUra="83" who="0" fromWho="3" sc="197,49,237,0,223,0,333,-39" /><INIT seed="4,1,0,0,2,103" ten="246,237,223,294" oya="0" hai0="25,127,7,128,74,44,38,93,89,9,68,27,49" hai1="23,0,80,90,92,4,15,22,40,125,28,66,72" hai2="57,26,45,32,5,104,11,111,34,64,70,75,126" hai3="110,86,88,62,6,101,95,79,43,98,87,129,53"/><T2/><D74/><U12/><E125/><V13/><F111/><W37/><G110/><T51/><D128/><U17/><E66/><V116/><F126/><W31/><G129/><T8/><D68/><U58/><E58/><V115/><F115/><W107/><G31/><T48/><D127/><U97/><E0/><V19/><F75/><W96/><G6/><T131/><D131/><U20/><E40/><V84/><F116/><W78/><G37/><T50/><D38/><U54/><E54/><V60/><F84/><N who="3" m="32299" /><G53/><T71/><D71/><U82/><E28/><V14/><F45/><W42/><G62/><T134/><D134/><U35/><E35/><V106/><F70/><W24/><G24/><T81/><D81/><N who="1" m="31339" /><E72/><V91/><F91/><W122/><G43/><N who="0" m="24607" /><D8/><AGARI ba="1,0" hai="4,8,12,15,17,20,22,23,90,92,97" m="31339" machi="8" ten="30,1000,0" yaku="8,1" doraHai="103" who="1" fromWho="0" sc="246,-13,237,13,223,0,294,0" /><INIT seed="5,0,0,3,4,31" ten="233,250,223,294" oya="1" hai0="119,65,85,128,91,36,112,84,125,100,4,32,52" hai1="23,129,8,89,18,47,55,60,124,88,130,72,90" hai2="68,2,135,12,37,78,22,81,7,113,75,17,16" hai3="20,82,38,64,1,69,101,10,3,108,127,29,6"/><U57/><E72/><V83/><F135/><W74/><G108/><T48/><D119/><U114/><E114/><V102/><F113/><W73/><G127/><T133/><D112/><U67/><E124/><V104/><F68/><W43/><G20/><T40/><D128/><N who="1" m="49259" /><E8/><V86/><F37/><W131/><G29/><T117/><D117/><U71/><E47/><V19/><F2/><N who="3" m="343" /><G101/><T80/><D133/><U115/><E115/><V120/><F120/><W79/><G74/><T103/><D65/><U107/><E107/><V62/><F7/><W26/><G26/><T66/><D66/><U13/><E55/><V56/><F102/><W92/><G92/><T53/><D36/><U111/><E111/><V14/><F104/><W118/><G118/><T24/><D4/><U134/><E134/><V61/><F56/><AGARI ba="0,0" hai="13,18,23,56,57,60,67,71,88,89,90" m="49259" machi="56" ten="30,2900,0" yaku="19,1,54,1" doraHai="31" who="1" fromWho="2" sc="233,0,250,29,223,-29,294,0" /><INIT seed="5,1,0,4,0,67" ten="233,279,194,294" oya="1" hai0="43,40,130,102,48,1,110,63,114,53,86,45,112" hai1="71,98,72,47,113,57,15,20,31,6,50,38,2" hai2="35,118,30,51,109,106,108,83,69,128,127,82,105" hai3="17,117,28,18,46,5,76,49,80,14,62,95,126"/><U66/><E113/><N who="0" m="43625" /><D110/><U65/><E72/><V103/><F51/><W96/><G126/><T23/><D1/><U21/><E66/><V24/><F118/><W54/><G28/><T125/><D102/><U7/><E2/><V131/><F127/><W84/><G117/><T132/><D86/><U88/><E71/><V61/><F83/><W91/><G62/><T75/><D75/><U22/><E38/><V135/><F82/><W92/><G92/><T64/><D23/><N who="1" m="8779" /><E57/><V39/><F39/><W52/><REACH who="3" step="1"/><G54/><REACH who="3" ten="233,279,194,284" step="2"/><T101/><D125/><U42/><E65/><N who="2" m="41135" /><F135/><W16/><G16/><T11/><D132/><U94/><E31/><V122/><F122/><W73/><G73/><T60/><D60/><U104/><E104/><N who="2" m="40043" /><F103/><W133/><G133/><T32/><D101/><U27/><E27/><V77/><F77/><W97/><G97/><T74/><D74/><U10/><E22/><V9/><F9/><AGARI ba="1,1" hai="5,9,14,17,18,46,49,52,76,80,84,91,95,96" machi="9" ten="40,5200,0" yaku="1,1,8,1,54,1,53,0" doraHai="67" doraHaiUra="99" who="3" fromWho="2" sc="233,0,279,0,194,-55,284,65" /><INIT seed="6,0,0,3,3,2" ten="233,279,139,349" oya="2" hai0="129,120,93,72,91,57,70,33,47,67,80,103,119" hai1="134,115,23,20,26,46,27,30,76,22,16,35,41" hai2="110,83,94,14,123,116,42,12,98,121,73,106,24" hai3="56,37,58,39,32,111,29,53,133,69,45,43,99"/><V25/><F116/><W7/><G111/><T40/><D120/><U54/><E115/><V44/><F106/><W19/><G69/><T122/><D129/><U97/><E134/><V65/><F65/><W102/><G32/><T89/><D122/><U127/><E127/><V31/><F110/><W88/><G29/><T10/><D33/><U15/><E76/><V63/><F63/><W17/><G39/><T18/><D70/><U28/><E54/><V9/><F83/><W112/><G58/><T52/><D67/><U117/><E117/><V81/><F81/><W5/><G88/><T78/><D103/><U86/><E86/><V118/><F73/><W48/><G112/><T51/><D119/><U124/><E124/><V38/><F14/><W61/><G37/><T85/><D89/><U77/><E77/><V74/><F74/><W109/><G133/><T62/><D10/><U8/><E97/><V4/><F25/><W132/><G109/><T82/><D82/><U104/><E104/><V71/><F71/><W64/><G43/><T87/><REACH who="0" step="1"/><D18/><REACH who="0" ten="223,279,139,349" step="2"/><U13/><REACH who="1" step="1"/><E13/><REACH who="1" ten="223,269,139,349" step="2"/><V95/><F118/><W114/><G132/><T6/><D6/><U113/><E113/><V135/><F135/><W11/><G114/><T130/><D130/><U0/><E0/><V100/><REACH who="2" step="1"/><F95/><REACH who="2" ten="223,269,129,349" step="2"/><W36/><G64/><T66/><D66/><U128/><E128/><V79/><F79/><W50/><G61/><T34/><D34/><AGARI ba="0,3" hai="4,9,12,24,31,34,38,42,44,94,98,100,121,123" machi="34" ten="30,11600,0" yaku="1,1,7,1,52,1,53,1" doraHai="2" doraHaiUra="3" who="2" fromWho="0" sc="223,-116,269,0,129,146,349,0" /><INIT seed="6,1,0,2,2,97" ten="107,269,275,349" oya="2" hai0="56,65,133,32,2,17,75,3,33,127,126,14,53" hai1="131,11,37,69,20,115,60,7,31,44,76,51,54" hai2="77,134,109,118,61,74,120,102,46,101,70,95,13" hai3="88,30,92,85,35,96,99,112,23,103,72,24,34"/><V0/><F118/><W12/><G72/><T57/><D75/><U55/><E115/><V9/><F120/><W79/><G112/><T62/><D133/><U108/><E108/><V110/><F0/><W130/><G130/><T42/><D42/><U29/><E37/><V124/><F134/><W40/><G40/><T105/><D105/><U67/><E131/><V52/><F124/><W6/><G79/><T1/><D14/><U104/><E104/><V28/><F28/><W68/><G68/><T81/><D81/><U78/><E55/><V84/><F74/><W18/><G6/><T58/><D17/><U39/><E31/><V125/><F125/><W73/><G96/><T100/><D53/><U63/><E63/><V21/><F21/><W113/><G73/><T129/><D129/><U106/><E106/><V93/><F70/><W49/><G49/><T22/><D22/><U15/><E39/><V90/><F77/><W122/><G122/><T16/><D16/><U43/><E43/><V119/><F95/><W25/><G25/><T19/><D19/><U111/><E111/><N who="2" m="42507" /><F119/><W98/><G113/><T64/><D62/><U128/><E128/><V123/><F123/><W4/><G98/><T8/><D8/><U94/><E94/><V47/><F47/><W59/><G59/><T5/><D5/><U80/><E80/><V114/><F114/><W117/><G4/><T71/><D71/><U48/><E48/><N who="2" m="28695" /><F61/><W82/><G117/><T36/><D36/><U26/><AGARI ba="1,0" hai="7,11,15,20,26,29,44,51,54,60,67,69,76,78" machi="26" ten="30,1100,0" yaku="0,1" doraHai="97" who="1" fromWho="1" sc="107,-4,269,14,275,-6,349,-4" /><INIT seed="7,0,0,0,3,10" ten="103,283,269,345" oya="3" hai0="59,126,86,53,107,132,110,80,81,51,105,101,23" hai1="18,100,66,129,1,9,55,69,41,97,12,78,91" hai2="93,4,52,64,37,6,76,84,62,131,125,63,7" hai3="36,127,39,5,89,0,83,61,35,16,118,119,45"/><W14/><G35/><T11/><D110/><U21/><E129/><V92/><F125/><W133/><G5/><T46/><D126/><U42/><E78/><V72/><F72/><W96/><G0/><T26/><D132/><U70/><E91/><V73/><F73/><W13/><G13/><T17/><D107/><U104/><E55/><V67/><F37/><W112/><G127/><T115/><D115/><U117/><E117/><V134/><F131/><W20/><G112/><T58/><D80/><U135/><E135/><V87/><F134/><W85/><G133/><T103/><D105/><U49/><E49/><V38/><F38/><W109/><G39/><T121/><D121/><U106/><E106/><V34/><F34/><W82/><G82/><T25/><D25/><U54/><E54/><V28/><F28/><W113/><G113/><T31/><D59/><U95/><E104/><V56/><F76/><W43/><G109/><T47/><D47/><U130/><E130/><V90/><F63/><W50/><G61/><T114/><D58/><U79/><E79/><V116/><F116/><W32/><G32/><T29/><D29/><U48/><E66/><V3/><F3/><W111/><G111/><T124/><D124/><U15/><E1/><V2/><F2/><W22/><G36/><T128/><D128/><U75/><E75/><V88/><AGARI ba="0,0" hai="4,6,7,52,56,62,64,67,84,87,88,90,92,93" machi="88" ten="30,8000,1" yaku="0,1,9,1,8,1,54,2" doraHai="10" who="2" fromWho="2" sc="103,-20,283,-20,269,80,345,-40" owari="83,-42.0,263,-14.0,349,45.0,305,11.0" /></mjloggm>