<mjloggm ver="2.3"><GO type="169" lobby="0"/><UN n0="%E3%81%A6%E3%81%8F%E3%81%AD" n1="%45%72%77%69%6E%52%64" n2="%5F%76%69%6F%6C%61%5F" n3="%E3%81%BE%E3%81%95%EF%BC%A7" dan="16,16,17,17" rate="2103.81,2131.00,2151.83,2182.69" sx="M,M,M,M"/><TAIKYOKU oya="0"/><INIT seed="0,0,0,2,5,14" ten="250,250,250,250" oya="0" hai0="71,25,21,55,129,47,62,60,135,127,38,107,128" hai1="92,7,28,30,112,9,57,104,58,15,8,13,34" hai2="111,65,4,87,77,31,39,24,22,29,109,0,125" hai3="114,117,86,76,1,61,54,98,94,118,50,106,66"/><T3/><D3/><U64/><E104/><V113/><F39/><W95/><G114/><T17/><D107/><U121/><E121/><V93/><F113/><W33/><G33/><T68/><D127/><U12/><E112/><V79/><F65/><W32/><G32/><T134/><D60/><U75/><E75/><V52/><F125/><W11/><G106/><T84/><D84/><U90/><E34/><V80/><F4/><W5/><G94/><T16/><D55/><U119/><E119/><V43/><F43/><W103/><G86/><T46/><D17/><U120/><E120/><V108/><F0/><W123/><G76/><T91/><D91/><U130/><E130/><N who="0" m="50281" /><D62/><U82/><E82/><V72/><F72/><W20/><G123/><T70/><D38/><U44/><E64/><V26/><F93/><W56/><REACH who="3" step="1"/><G20/><REACH who="3" ten="250,250,250,240" step="2"/><T81/><D81/><U69/><E92/><V124/><F77/><W85/><G85/><T100/><D100/><U18/><E8/><V48/><F124/><W102/><G102/><T19/><D134/><U36/><E9/><V27/><REACH who="2" step="1"/><F22/><REACH who="2" ten="250,250,240,240" step="2"/><W132/><G132/><T101/><D135/><U116/><E7/><V74/><F74/><W97/><G97/><T49/><D101/><U133/><E133/><V67/><F67/><W126/><G126/><T23/><D23/><U53/><E116/><V83/><F83/><W42/><G42/><T115/><D115/><U35/><E35/><V105/><F105/><W40/><G40/><N who="0" m="24775" /><D19/><U122/><E122/><V41/><F41/><W6/><G6/><T110/><D110/><U89/><E18/><RYUUKYOKU ba="0,2" sc="250,10,250,-30,240,10,240,10" hai0="16,21,25,47,68,70,71" hai2="24,26,27,29,31,48,52,79,80,87,108,109,111" hai3="1,5,11,50,54,56,61,66,95,98,103,117,118" /><INIT seed="0,1,2,0,5,132" ten="260,220,250,250" oya="0" hai0="34,97,124,83,79,135,46,27,9,111,74,40,117" hai1="88,114,47,106,103,1,4,133,26,69,130,43,66" hai2="48,78,122,36,51,91,55,68,90,123,63,77,13" hai3="87,107,118,71,0,101,92,108,23,93,45,35,72"/><T28/><D117/><U120/><E120/><V80/><F36/><W8/><G35/><T121/><D121/><U134/><E103/><V49/><F68/><W16/><G108/><T67/><D135/><N who="1" m="51723" /><E106/><V19/><F122/><W58/><G71/><T18/><D111/><U7/><E1/><V84/><F78/><W5/><G72/><T41/><D67/><U50/><E130/><V61/><F123/><W56/><G118/><T33/><D33/><U39/><E114/><V62/><REACH who="2" step="1"/><F55/><REACH who="2" ten="260,220,240,250" step="2"/><W129/><G129/><T96/><D41/><U104/><E39/><V116/><F116/><W64/><G64/><T12/><REACH who="0" step="1"/><D124/><REACH who="0" ten="250,220,240,250" step="2"/><U44/><E66/><V131/><F131/><W3/><G107/><T82/><D82/><U86/><E69/><V29/><F29/><W60/><G92/><T31/><D31/><U6/><E104/><V89/><F89/><W98/><G93/><T128/><D128/><U24/><E44/><V100/><F100/><W99/><G45/><T85/><D85/><U125/><E125/><V65/><F65/><W25/><G87/><T70/><D70/><U75/><E75/><V10/><AGARI ba="1,4" hai="10,13,19,48,49,51,61,62,63,77,80,84,90,91" machi="10" ten="30,4000,0" yaku="1,1,0,1,8,1,53,0" doraHai="132" doraHaiUra="42" who="2" fromWho="2" sc="250,-21,220,-11,240,83,250,-11" /><INIT seed="1,0,0,0,2,126" ten="229,209,323,239" oya="1" hai0="75,129,49,13,38,25,107,51,48,135,76,95,72" hai1="36,23,99,11,4,108,46,65,61,79,116,83,33" hai2="14,94,92,44,3,24,130,59,8,27,31,12,89" hai3="16,28,32,103,81,134,21,45,58,53,41,0,63"/><U123/><E116/><V101/><F3/><W37/><G134/><T6/><D107/><U80/><E33/><V66/><F44/><W109/><G109/><T114/><D114/><U20/><E123/><V113/><F113/><W87/><G0/><T93/><D38/><U121/><E121/><V91/><F101/><W104/><G32/><T96/><D135/><U73/><E108/><V119/><F66/><W1/><G1/><T111/><D95/><U85/><E99/><V97/><F59/><W9/><G9/><T106/><D106/><U15/><E46/><V133/><F119/><W55/><G28/><T5/><D25/><U105/><E36/><V122/><F31/><W128/><G103/><T131/><D111/><U74/><E105/><V117/><F117/><W57/><G104/><T90/><D76/><U69/><REACH who="1" step="1"/><E73/><REACH who="1" ten="229,199,323,239" step="2"/><V50/><F97/><W100/><G37/><T132/><D132/><U52/><E52/><V86/><F122/><W43/><G45/><T30/><D75/><U7/><E7/><V71/><F133/><W125/><G55/><T26/><D72/><U120/><E120/><V18/><F86/><W84/><G84/><T2/><D5/><U70/><E70/><V42/><F71/><W40/><G87/><T34/><REACH who="0" step="1"/><D2/><REACH who="0" ten="219,199,323,239" step="2"/><U82/><E82/><V56/><F94/><W39/><G81/><T60/><D60/><U110/><E110/><V10/><F92/><W68/><G63/><T17/><D17/><U67/><E67/><V118/><F18/><W62/><G39/><T98/><D98/><U88/><AGARI ba="0,2" hai="4,11,15,20,23,61,65,69,74,79,80,83,85,88" machi="88" ten="20,7800,0" yaku="1,1,0,1,7,1,54,1,53,0" doraHai="126" doraHaiUra="47" who="1" fromWho="1" sc="219,-26,199,98,323,-26,239,-26" /><INIT seed="1,1,0,4,3,28" ten="193,297,297,213" oya="1" hai0="23,14,88,12,133,16,100,108,51,131,61,49,67" hai1="127,84,15,122,30,0,57,126,119,22,24,107,8" hai2="87,58,10,113,65,62,43,29,18,60,123,76,103" hai3="21,95,86,134,69,120,45,53,125,109,96,90,40"/><U124/><E107/><V80/><F123/><W48/><G109/><T85/><D108/><U118/><E84/><V1/><F103/><W27/><G125/><T52/><D131/><U50/><E122/><V130/><F130/><W105/><G134/><T99/><D133/><U91/><E91/><V97/><F97/><W26/><G120/><T41/><D41/><U73/><E73/><V74/><F43/><W81/><G69/><T68/><D51/><U83/><E83/><V110/><F74/><W47/><G105/><T59/><D99/><U54/><REACH who="1" step="1"/><E0/><REACH who="1" ten="193,287,297,213" step="2"/><V4/><F110/><W92/><G81/><T111/><D111/><U115/><E115/><V77/><F113/><W79/><G86/><T135/><D135/><U13/><E13/><V36/><F87/><W71/><G90/><T128/><D128/><U42/><E42/><V106/><F80/><W20/><G40/><T19/><D100/><U34/><E34/><V35/><F35/><W114/><G114/><T9/><D85/><U93/><E93/><V70/><F1/><W66/><G95/><T78/><REACH who="0" step="1"/><D88/><REACH who="0" ten="183,287,297,213" step="2"/><U31/><E31/><V25/><F29/><W102/><G102/><T3/><D3/><U39/><E39/><V38/><F36/><W112/><G112/><T98/><D98/><U89/><E89/><V33/><F38/><W44/><G96/><T132/><D132/><U104/><E104/><V56/><F106/><W7/><G92/><T11/><D11/><U5/><AGARI ba="1,2" hai="5,8,15,22,24,30,50,54,57,118,119,124,126,127" machi="5" ten="30,11700,0" yaku="1,1,0,1,18,1,53,1" doraHai="28" doraHaiUra="17" who="1" fromWho="1" sc="183,-40,287,140,297,-40,213,-40" /><INIT seed="1,2,0,2,1,48" ten="143,427,257,173" oya="1" hai0="67,57,70,86,73,18,41,1,69,40,34,19,29" hai1="35,27,124,92,62,5,22,119,106,125,53,98,122" hai2="42,127,60,116,112,131,16,109,12,115,24,123,44" hai3="37,43,87,6,32,59,8,102,13,108,77,95,103"/><U128/><E119/><V47/><F116/><W54/><G108/><T64/><D73/><U4/><E122/><V135/><F123/><W94/><G32/><T14/><D1/><U111/><E106/><V39/><F109/><W91/><G77/><T99/><D86/><U28/><E35/><V76/><F76/><W7/><G37/><T78/><D78/><U132/><E128/><V17/><F131/><W82/><G43/><T88/><D29/><U23/><E22/><V36/><F127/><N who="1" m="48713" /><E132/><V31/><F135/><W55/><G7/><T50/><D34/><U61/><E61/><V15/><F60/><W66/><G66/><N who="0" m="25131" /><D69/><U58/><E111/><V84/><F31/><W134/><G134/><T10/><D19/><U97/><E97/><V96/><F96/><N who="3" m="59671" /><G59/><T104/><D104/><U45/><E45/><V63/><F63/><W49/><G49/><T0/><D70/><U71/><E71/><V81/><F47/><W9/><G8/><T93/><D0/><U120/><E120/><V130/><F39/><W85/><G85/><T25/><D25/><U46/><E46/><V68/><F24/><W114/><G114/><N who="2" m="43561" /><F68/><W51/><G51/><T72/><D72/><U117/><E117/><V21/><F130/><W26/><G26/><T90/><D50/><U56/><E58/><V121/><F121/><W133/><G133/><T52/><D90/><AGARI ba="2,0" hai="4,5,23,27,28,53,56,62,90,92,98" m="48713" machi="90" ten="30,2900,0" yaku="18,1,52,1" doraHai="48" who="1" fromWho="0" sc="143,-35,427,35,257,0,173,0" /><INIT seed="1,3,0,0,3,96" ten="108,462,257,173" oya="1" hai0="75,95,112,12,38,120,33,80,61,58,66,78,134" hai1="122,6,20,107,41,93,110,70,135,32,13,68,121" hai2="85,83,9,25,77,45,92,1,30,133,87,128,84" hai3="88,72,106,55,46,94,115,101,67,114,98,64,4"/><U108/><E107/><V10/><F128/><W44/><G4/><T49/><D38/><U18/><E32/><V116/><F116/><W81/><G46/><T39/><D39/><U99/><E41/><V103/><F133/><W8/><G8/><T79/><D112/><U24/><E135/><V7/><F10/><W54/><G64/><T129/><D33/><U90/><E6/><V91/><F45/><W27/><G27/><T132/><D129/><U86/><E86/><V23/><REACH who="2" step="1"/><F103/><REACH who="2" ten="108,462,247,173" step="2"/><W65/><G44/><T119/><D119/><U3/><E3/><V113/><F113/><W118/><G118/><T89/><D132/><U48/><E121/><V29/><F29/><W15/><G101/><T37/><D120/><U31/><E122/><V21/><F21/><W63/><G114/><T5/><D134/><U40/><E31/><V73/><AGARI ba="3,1" hai="1,7,9,23,25,30,73,77,83,84,85,87,91,92" machi="73" ten="20,5200,0" yaku="1,1,0,1,7,1,53,1" doraHai="96" doraHaiUra="105" who="2" fromWho="2" sc="108,-16,462,-29,247,71,173,-16" /><INIT seed="2,0,0,3,3,49" ten="92,433,318,157" oya="2" hai0="1,114,7,46,44,14,12,10,97,111,93,32,42" hai1="82,26,123,40,135,85,83,75,78,73,34,11,37" hai2="21,22,19,92,122,6,113,4,23,109,17,74,65" hai3="125,121,67,63,81,8,62,110,102,101,30,68,87"/><V38/><F122/><W59/><G110/><T76/><D111/><U80/><E135/><V84/><F113/><W48/><G121/><T60/><D32/><U36/><E123/><V39/><F74/><W54/><G125/><T88/><D114/><U16/><E34/><V57/><F109/><W50/><G30/><T118/><D118/><U108/><E108/><V133/><F133/><W33/><G33/><T117/><D117/><U90/><E40/><V5/><F39/><W15/><G50/><T13/><D76/><U51/><E51/><V35/><F38/><W103/><G62/><T112/><D112/><U127/><E127/><V55/><F65/><W9/><REACH who="3" step="1"/><G15/><REACH who="3" ten="92,433,318,147" step="2"/><T43/><REACH who="0" step="1"/><D60/><REACH who="0" ten="82,433,318,147" step="2"/><U70/><E75/><V56/><F35/><W29/><G29/><T72/><D72/><U130/><E73/><V71/><F4/><W52/><G52/><T45/><AGARI ba="0,2" hai="1,7,10,12,13,14,42,43,44,45,46,88,93,97" machi="45" ten="30,4000,0" yaku="1,1,0,1,54,1,53,0" doraHai="49" doraHaiUra="132" who="0" fromWho="0" sc="82,60,433,-10,318,-20,147,-10" /><INIT seed="3,0,0,4,1,4" ten="142,423,298,137" oya="3" hai0="3,97,107,14,82,39,53,16,118,7,124,123,11" hai1="47,15,132,134,1,101,35,45,38,74,43,24,128" hai2="87,121,105,21,48,19,83,56,90,59,52,58,64" hai3="69,0,10,73,99,135,37,133,79,12,120,30,104"/><W129/><G120/><T103/><D118/><U68/><E1/><V114/><F114/><W122/><G122/><T50/><D124/><U41/><E68/><V31/><F105/><W81/><G69/><T13/><D39/><U67/><E67/><V34/><F34/><W115/><G115/><T75/><D123/><U112/><E112/><V85/><F31/><W51/><G37/><T108/><D108/><U96/><E74/><V130/><F130/><W60/><G60/><T84/><D75/><U98/><E128/><V40/><F40/><W44/><G30/><T22/><D3/><U49/><E15/><N who="2" m="9471" /><F64/><W106/><G0/><T109/><D109/><U119/><E119/><V111/><F111/><W113/><G113/><T100/><D107/><U131/><E131/><V33/><F33/><W94/><G129/><T57/><REACH who="0" step="1"/><D97/><REACH who="0" ten="132,423,298,137" step="2"/><U88/><E98/><V36/><F36/><W102/><G104/><T55/><D55/><U32/><E96/><V9/><F121/><W127/><G127/><T70/><D70/><U66/><E38/><V62/><F87/><W110/><G110/><T46/><D46/><U72/><E45/><V5/><F62/><W27/><G106/><T26/><D26/><U116/><E72/><V28/><F52/><N who="3" m="29799" /><G27/><T78/><AGARI ba="0,1" hai="7,11,13,14,16,22,50,53,57,78,82,84,100,103" machi="78" ten="20,12000,2" yaku="1,1,0,1,7,1,8,1,52,1,54,1,53,0" doraHai="4" doraHaiUra="95" who="0" fromWho="0" sc="132,130,423,-30,298,-30,137,-60" /><INIT seed="4,0,0,5,0,45" ten="262,393,268,77" oya="0" hai0="72,27,121,31,47,85,109,124,14,94,69,64,67" hai1="116,48,4,8,6,54,1,21,10,7,18,9,55" hai2="117,104,13,44,40,51,35,5,53,97,58,32,66" hai3="125,118,16,71,49,127,101,92,68,99,77,82,41"/><T119/><D72/><U102/><E116/><V135/><F135/><W61/><G118/><T79/><D119/><U131/><E131/><V28/><F117/><W20/><G61/><T0/><D0/><U93/><E1/><V22/><F66/><W86/><G71/><T132/><D121/><U56/><E54/><V103/><F5/><W106/><G68/><T78/><D132/><U26/><E102/><V128/><F128/><W60/><G60/><T115/><D14/><U134/><E134/><V63/><REACH who="2" step="1"/><F28/><REACH who="2" ten="262,393,258,77" step="2"/><W57/><G125/><T83/><D124/><U96/><E6/><V89/><F89/><W111/><G127/><T133/><D67/><U43/><E43/><V80/><F80/><W11/><G82/><T75/><D83/><U50/><E4/><V73/><F73/><W123/><G41/><T15/><D64/><U107/><E7/><V76/><F76/><W42/><G77/><T122/><D79/><U70/><E70/><V62/><F62/><W65/><G42/><T36/><D78/><U113/><E113/><V25/><F25/><W37/><G65/><T126/><D27/><U95/><E26/><V17/><AGARI ba="0,1" hai="13,17,22,32,35,40,44,51,53,58,63,97,103,104" machi="17" ten="30,4000,0" yaku="1,1,0,1,52,1,53,0" doraHai="45" doraHaiUra="105" who="2" fromWho="2" sc="262,-20,393,-10,258,50,77,-10" /><INIT seed="5,0,0,4,3,42" ten="242,383,308,67" oya="1" hai0="29,67,81,14,57,113,37,5,48,133,20,69,58" hai1="64,97,130,77,85,84,70,18,59,76,27,43,98" hai2="8,88,71,82,25,135,53,109,96,45,131,72,55" hai3="13,124,123,107,119,2,73,19,11,116,39,40,74"/><U93/><E70/><V66/><F109/><W3/><G40/><T114/><D37/><U56/><E130/><V62/><F135/><W36/><G13/><T34/><D34/><U83/><E43/><V65/><F72/><N who="3" m="27755" /><G19/><T51/><D133/><U44/><E93/><N who="2" m="56359" /><F131/><W89/><G89/><T28/><D81/><U118/><E83/><V33/><F33/><W122/><G11/><T6/><D14/><U30/><E18/><V32/><F32/><W35/><G35/><T112/><D69/><U94/><E94/><V22/><F71/><W95/><G95/><T24/><D28/><U90/><E90/><V92/><F8/><W10/><G10/><T87/><D87/><U54/><E30/><N who="2" m="17719" /><F82/><W102/><G102/><T115/><D114/><U80/><E80/><V1/><F1/><N who="3" m="11" /><G107/><T117/><D113/><U79/><E79/><V99/><F62/><W15/><G15/><T61/><D112/><U86/><E86/><V126/><F55/><W120/><G124/><T91/><D115/><U68/><E54/><V128/><F126/><W4/><G4/><T31/><D31/><U100/><E100/><N who="2" m="60519" /><F128/><W12/><G12/><T38/><D61/><U47/><E68/><V9/><F9/><W103/><G103/><T21/><D29/><U26/><E64/><V7/><F7/><W16/><G16/><T46/><D67/><U101/><E101/><V129/><F129/><W17/><G17/><T60/><D60/><U125/><E125/><V78/><F78/><W106/><G106/><T75/><D5/><U49/><E49/><AGARI ba="0,0" hai="45,49,53,65,66" m="60519,17719,56359" machi="49" ten="30,3900,0" yaku="8,1,52,1,54,1" doraHai="42" who="2" fromWho="1" sc="242,0,383,-39,308,39,67,0" /><INIT seed="6,0,0,2,1,92" ten="242,344,347,67" oya="2" hai0="16,65,1,129,80,19,64,43,117,62,7,52,39" hai1="106,69,36,122,59,71,84,24,9,120,76,2,85" hai2="133,72,47,125,132,38,81,123,86,121,45,4,46" hai3="42,11,118,20,135,113,26,95,30,70,58,127,6"/><V0/><F38/><W82/><G70/><T130/><D80/><U89/><E36/><V100/><F72/><W48/><G118/><T105/><D105/><U111/><E106/><V18/><F125/><W29/><G135/><N who="2" m="51785" /><F100/><W128/><G113/><T27/><D39/><U37/><E37/><V112/><F112/><W93/><G128/><N who="0" m="49259" /><D43/><U57/><E111/><V33/><F33/><W61/><G127/><T12/><D1/><U77/><E2/><V60/><F60/><W54/><G82/><T79/><D79/><U104/><E104/><V34/><F34/><W28/><G42/><T5/><D27/><U87/><E84/><V41/><F41/><W96/><G48/><T23/><D19/><U119/><E119/><V74/><F74/><W10/><G93/><T67/><D117/><U109/><E109/><V103/><F103/><W63/><G61/><T31/><D31/><U110/><E110/><V49/><F49/><W97/><G95/><T101/><D101/><U98/><E24/><V94/><F94/><W131/><G131/><T3/><D3/><U99/><E9/><N who="3" m="3082" /><G6/><T88/><D88/><AGARI ba="0,0" hai="57,59,69,71,76,77,85,87,88,89,98,99,120,122" machi="88" ten="25,8000,1" yaku="22,2,52,2,54,1" doraHai="92" who="1" fromWho="0" sc="242,-80,344,80,347,0,67,0" /><INIT seed="7,0,0,3,1,29" ten="162,424,347,67" oya="3" hai0="37,18,10,121,6,48,125,87,55,3,27,23,101" hai1="59,25,100,67,64,116,113,72,20,92,106,82,1" hai2="123,46,104,94,14,130,124,69,97,78,85,34,61" hai3="115,13,112,51,17,15,38,66,83,60,65,81,76"/><W56/><G38/><T44/><D121/><U74/><E106/><V105/><F130/><W120/><G120/><T52/><D125/><U4/><E113/><N who="3" m="43594" /><G51/><T9/><D101/><U122/><E122/><V107/><F124/><W119/><G119/><T129/><D129/><U77/><E72/><V70/><F123/><W32/><G32/><T47/><D10/><U111/><E111/><V26/><F61/><N who="3" m="38055" /><G17/><T36/><D87/><U84/><E4/><V68/><F46/><W54/><G54/><T118/><D118/><U80/><E1/><V93/><F14/><N who="3" m="5131" /><G76/><T43/><D55/><U7/><E7/><V110/><F110/><W30/><G30/><T33/><D33/><U40/><E77/><V24/><F34/><W114/><N who="3" m="43602" /><W127/><DORA hai="73" /><G127/><T57/><D47/><U102/><E116/><V35/><F35/><W53/><G53/><T45/><D44/><U133/><E64/><V132/><F78/><W41/><G41/><T98/><D98/><U11/><E67/><V103/><F85/><W96/><G96/><T71/><D71/><AGARI ba="0,0" hai="60,66,71,81,83" m="5131,38055,43602" machi="71" ten="40,2000,0" yaku="15,1" doraHai="29,73" who="3" fromWho="0" sc="162,-20,424,0,347,0,67,20" /><INIT seed="7,1,0,0,0,127" ten="142,424,347,87" oya="3" hai0="74,42,122,67,114,111,88,97,8,108,55,69,73" hai1="99,23,83,79,12,109,130,31,18,94,76,104,107" hai2="28,75,53,102,129,10,22,92,126,37,116,6,52" hai3="134,43,59,38,39,87,101,58,100,16,113,60,86"/><W30/><G30/><T11/><D122/><U29/><E109/><V35/><F75/><W33/><G33/><T63/><D42/><U66/><E130/><V68/><F37/><W71/><G113/><T20/><D114/><U24/><E66/><V106/><F129/><W49/><G134/><T132/><D132/><U118/><E118/><V117/><F68/><W3/><G3/><T5/><D20/><U89/><E31/><V78/><F106/><W84/><G71/><T27/><D27/><U2/><E2/><V34/><F78/><W95/><G39/><T124/><D124/><U9/><E76/><V120/><F126/><W115/><G38/><T26/><D26/><U47/><E47/><V90/><F120/><W1/><G1/><T54/><D108/><U81/><E81/><V57/><F35/><W64/><G115/><T7/><D111/><U96/><E99/><N who="2" m="59751" /><F34/><W121/><G121/><T14/><D74/><AGARI ba="1,0" hai="9,12,18,23,24,29,74,79,83,89,94,96,104,107" machi="74" ten="30,1000,0" yaku="7,1" doraHai="127" who="1" fromWho="0" sc="142,-13,424,13,347,0,87,0" owari="129,-27.0,437,53.0,347,15.0,87,-41.0" /></mjloggm>