<mjloggm ver="2.3"><GO type="169" lobby="0"/><UN n0="%E8%AA%B2%E9%95%B7%E8%A6%96%E9%87%8E%E7%8B%AD%E7%AA%84" n1="%73%61%6B%69%2D%E6%9E%97" n2="%42%65%6E%63%68%69%6E%67" n3="%E7%81%AB%E9%9C%8A%E5%A4%A2" dan="17,16,18,17" rate="2138.81,2104.53,2254.29,2234.66" sx="M,M,M,M"/><TAIKYOKU oya="0"/><INIT seed="0,0,0,2,1,77" ten="250,250,250,250" oya="0" hai0="79,53,23,10,54,92,111,27,78,71,8,50,25" hai1="108,70,0,96,114,7,107,66,104,110,118,42,98" hai2="11,15,75,81,124,73,129,21,51,97,68,34,119" hai3="125,47,133,12,88,72,103,19,29,86,126,24,43"/><T40/><D71/><U132/><E42/><V117/><F34/><W39/><G72/><T16/><D111/><U102/><E118/><N who="2" m="45067" /><F124/><W60/><G103/><T106/><D106/><U37/><E37/><V18/><F68/><W41/><G41/><T130/><D130/><U85/><E132/><V94/><F51/><W3/><G3/><T13/><D92/><U36/><E36/><V33/><F33/><W5/><G5/><T87/><D40/><U57/><E70/><V55/><F55/><W2/><G2/><T84/><D13/><U26/><E57/><V127/><F127/><N who="3" m="48651" /><G60/><T20/><REACH who="0" step="1"/><D50/><REACH who="0" ten="240,250,250,250" step="2"/><U65/><E0/><V59/><F129/><W69/><G69/><T105/><D105/><U30/><E114/><V62/><F94/><W116/><G116/><T38/><D38/><U82/><E104/><V89/><F15/><W83/><G133/><T100/><D100/><U109/><E102/><V31/><F62/><W115/><G115/><T76/><D76/><N who="1" m="46279" /><E107/><V99/><F99/><N who="1" m="37929" /><E7/><V22/><F97/><W123/><G123/><T63/><D63/><U44/><E44/><V113/><F113/><W32/><G12/><T101/><D101/><U56/><E56/><V52/><F59/><W74/><G74/><T135/><D135/><U131/><E131/><V46/><F73/><W91/><G91/><T121/><D121/><U6/><E6/><V128/><F75/><W61/><G61/><T64/><D64/><U58/><E58/><V48/><F128/><W9/><G9/><T122/><D122/><U120/><E120/><V14/><F14/><W95/><G95/><RYUUKYOKU ba="0,1" sc="240,10,250,10,250,-30,250,10" hai0="8,10,16,20,23,25,27,53,54,78,79,84,87" hai1="26,30,65,66,108,109,110" hai3="19,24,29,32,39,43,47,83,86,88" /><INIT seed="0,1,1,0,3,87" ten="250,260,220,260" oya="0" hai0="135,10,65,27,18,83,4,30,72,20,123,55,11" hai1="1,76,130,17,14,91,61,112,33,59,5,22,100" hai2="117,128,75,38,29,21,132,40,66,116,86,109,104" hai3="120,74,97,71,51,47,56,3,126,77,85,105,80"/><T63/><D123/><U45/><E130/><V102/><F128/><W73/><G71/><T125/><D135/><U96/><E33/><V34/><F75/><W121/><G3/><T98/><D125/><U37/><E112/><V69/><F21/><W19/><G126/><T50/><D98/><U92/><E76/><V44/><F132/><W81/><G56/><T122/><D122/><N who="3" m="47209" /><G19/><T84/><D72/><U28/><E28/><V49/><F86/><N who="3" m="48399" /><G97/><T9/><D4/><U32/><E32/><V103/><F103/><W94/><G94/><T108/><D18/><U58/><E58/><V39/><F39/><W89/><G105/><T42/><D108/><U35/><E35/><V57/><F109/><W16/><G16/><T115/><D115/><U106/><E5/><V36/><F36/><W129/><G129/><T133/><D133/><U7/><E7/><V53/><F102/><W131/><G131/><T25/><D25/><U60/><E60/><N who="2" m="40135" /><F104/><W46/><G46/><T54/><D65/><U124/><E124/><V93/><F93/><W52/><AGARI ba="1,1" hai="47,51,52,73,74,81,85,89" m="48399,47209" machi="52" ten="30,4000,0" yaku="13,1,52,1,54,1" doraHai="87" who="3" fromWho="3" sc="250,-21,260,-11,220,-11,260,53" /><INIT seed="1,0,0,3,5,110" ten="229,249,209,313" oya="1" hai0="128,112,131,27,127,58,24,38,34,104,124,63,107" hai1="79,31,132,21,14,48,56,86,46,133,119,33,69" hai2="108,135,62,8,50,114,98,97,109,23,15,111,51" hai3="102,52,12,43,83,115,49,4,78,11,70,57,32"/><U61/><E69/><V116/><F116/><W42/><G70/><T25/><D38/><U117/><E33/><V88/><F135/><N who="1" m="51785" /><E79/><V99/><F62/><W134/><G134/><T60/><D34/><U130/><E86/><V35/><F35/><W77/><G32/><T67/><D63/><U13/><E130/><N who="0" m="49705" /><D112/><U28/><E117/><V72/><F72/><W80/><G115/><T66/><D66/><N who="1" m="39207" /><E119/><V105/><F105/><AGARI ba="0,0" hai="24,25,27,58,60,67,104,105,107,124,127" m="49705" machi="105" ten="40,1300,0" yaku="19,1" doraHai="110" who="0" fromWho="2" sc="229,13,249,0,209,-13,313,0" /><INIT seed="2,0,0,1,2,124" ten="242,249,196,313" oya="2" hai0="44,91,110,125,60,127,59,2,89,85,14,21,131" hai1="103,50,47,73,46,134,69,94,98,20,30,80,53" hai2="115,43,61,5,45,18,15,72,107,116,51,28,117" hai3="16,126,63,26,4,71,86,0,105,27,132,74,83"/><V121/><F121/><W135/><G126/><N who="0" m="48139" /><D2/><U10/><E69/><V96/><F115/><W119/><G74/><T7/><D110/><U22/><E134/><N who="3" m="51242" /><G105/><T114/><D114/><U78/><E10/><V112/><F72/><W64/><G119/><T122/><D122/><U70/><E70/><V129/><F112/><W11/><G16/><N who="0" m="10391" /><D7/><U40/><REACH who="1" step="1"/><E30/><REACH who="1" ten="242,239,196,313" step="2"/><V38/><F28/><W32/><G32/><T29/><D29/><U92/><E92/><V130/><F116/><W84/><G86/><T39/><D85/><U36/><AGARI ba="0,1" hai="20,22,36,40,46,47,50,53,73,78,80,94,98,103" machi="36" ten="20,2700,0" yaku="1,1,0,1,7,1,53,0" doraHai="124" doraHaiUra="35" who="1" fromWho="1" sc="242,-7,239,37,196,-13,313,-7" /><INIT seed="3,0,0,3,2,110" ten="235,276,183,306" oya="3" hai0="14,47,124,7,25,0,5,77,127,80,40,131,70" hai1="35,30,111,43,11,61,89,123,8,68,34,95,135" hai2="22,18,37,92,50,26,112,4,82,97,85,23,88" hai3="120,79,96,3,114,15,69,44,59,20,126,66,107"/><W83/><G120/><T6/><D70/><U55/><E123/><V51/><F37/><W2/><G126/><N who="0" m="48171" /><D131/><U19/><E111/><V36/><F36/><W72/><G69/><T128/><D128/><U48/><E135/><V10/><F112/><W74/><G74/><N who="0" m="43063" /><D25/><U63/><E43/><V103/><REACH who="2" step="1"/><F23/><REACH who="2" ten="235,276,173,306" step="2"/><W76/><G114/><T87/><D0/><AGARI ba="0,1" hai="0,4,10,18,22,26,50,51,82,85,88,92,97,103" machi="0" ten="30,8000,1" yaku="1,1,2,1,7,1,54,1,53,1" doraHai="110" doraHaiUra="1" who="2" fromWho="0" sc="235,-80,276,0,173,90,306,0" /><INIT seed="4,0,0,3,5,98" ten="155,276,263,306" oya="0" hai0="21,105,122,51,116,103,130,6,113,22,12,35,104" hai1="89,13,129,90,95,92,29,69,118,112,25,131,19" hai2="120,106,48,56,94,63,33,68,123,124,40,45,73" hai3="77,74,78,83,111,32,1,4,61,101,134,87,15"/><T84/><D116/><U115/><E118/><V2/><F106/><W18/><G111/><T27/><D122/><U53/><E69/><V14/><F2/><W66/><G32/><T17/><D113/><N who="1" m="43595" /><E53/><V34/><F73/><W8/><G134/><T91/><D130/><N who="1" m="49675" /><E92/><V96/><F68/><W107/><G74/><T86/><D35/><N who="1" m="20911" /><E95/><V57/><F124/><W64/><G77/><T128/><D128/><U0/><E0/><V135/><F135/><W102/><G107/><T46/><D105/><U97/><E97/><V80/><F80/><W31/><G31/><T38/><D104/><U60/><E60/><V85/><F85/><W5/><G66/><T82/><D86/><U36/><E36/><V72/><F72/><W39/><G39/><T70/><D38/><U37/><E37/><V110/><F110/><W52/><G64/><T28/><D70/><U49/><E49/><V47/><F47/><W50/><G61/><T24/><D103/><N who="3" m="39433" /><G1/><T71/><D71/><U62/><E62/><V88/><F120/><W3/><G3/><T43/><REACH who="0" step="1"/><D6/><REACH who="0" ten="145,276,263,306" step="2"/><U76/><E76/><V7/><F123/><W93/><G93/><T100/><D100/><U54/><E90/><V58/><REACH who="2" step="1"/><F63/><REACH who="2" ten="145,276,253,306" step="2"/><W79/><G78/><T59/><D59/><AGARI ba="0,2" hai="4,5,8,15,18,50,52,59,79,83,87" m="39433" machi="59" ten="30,8000,1" yaku="8,1,52,3,54,1" doraHai="98" who="3" fromWho="0" sc="145,-80,276,0,253,0,306,100" /><INIT seed="5,0,0,3,3,28" ten="65,276,253,406" oya="1" hai0="131,3,97,57,13,33,36,128,127,96,42,39,37" hai1="78,94,23,126,38,6,125,29,119,55,102,66,4" hai2="26,71,58,121,75,50,12,31,72,67,120,130,54" hai3="68,8,115,44,52,99,116,69,90,83,103,109,18"/><U5/><E38/><V92/><F130/><N who="0" m="49706" /><D3/><U64/><E78/><V76/><F12/><N who="3" m="7431" /><G109/><T82/><D13/><U43/><E43/><V46/><F71/><W73/><G73/><T108/><D42/><U106/><E106/><V56/><F92/><N who="3" m="58855" /><G115/><T81/><D108/><U112/><E119/><V16/><F120/><W89/><G116/><T25/><D57/><U9/><E55/><V35/><F121/><W134/><G134/><T111/><D111/><U113/><E9/><V24/><F76/><W11/><G11/><T70/><D70/><U86/><E64/><V100/><F100/><W93/><G90/><T53/><D53/><U107/><E66/><V34/><F58/><W2/><G2/><T59/><D59/><U122/><E107/><V65/><F65/><W15/><G15/><T135/><D135/><U62/><E62/><V51/><F67/><W1/><G1/><T118/><D118/><U27/><E122/><V17/><F72/><W95/><G68/><T22/><D22/><U60/><E60/><V41/><F75/><W98/><G98/><N who="0" m="37995" /><D127/><N who="1" m="48651" /><E102/><V14/><F14/><W10/><G10/><T79/><D79/><U129/><E129/><V117/><F117/><W45/><G69/><T87/><D87/><U74/><E74/><V133/><F133/><W48/><G44/><T19/><D19/><U101/><E101/><V132/><F132/><W21/><G21/><T80/><D25/><U47/><E47/><V32/><REACH who="2" step="1"/><F26/><REACH who="2" ten="65,276,243,406" step="2"/><W61/><G61/><T85/><D85/><AGARI ba="0,1" hai="45,48,52,83,85,89,93,95" m="58855,7431" machi="85" ten="30,3900,0" yaku="25,1,8,1,54,1" doraHai="28" who="3" fromWho="0" sc="65,-39,276,0,243,0,406,49" /><INIT seed="6,0,0,2,1,21" ten="26,276,243,455" oya="2" hai0="60,54,44,52,128,0,88,125,23,65,135,63,49" hai1="68,31,35,130,83,105,119,11,53,78,121,92,15" hai2="58,67,73,50,39,45,101,74,103,133,46,109,34" hai3="40,64,22,47,5,118,86,85,16,108,93,134,75"/><V111/><F34/><W25/><G75/><N who="2" m="28681" /><F39/><W84/><G108/><N who="2" m="41545" /><F133/><W7/><G118/><T42/><D0/><U110/><E119/><V10/><F10/><W32/><G32/><T12/><D135/><U43/><E68/><V100/><F67/><W90/><G64/><T17/><D128/><U132/><E105/><V6/><F6/><N who="3" m="2059" /><G134/><T71/><D125/><U8/><E53/><AGARI ba="0,0" hai="45,46,50,53,58,100,101,103" m="41545,28681" machi="53" ten="40,2000,0" yaku="10,1" doraHai="21" who="2" fromWho="1" sc="26,0,276,-20,243,20,455,0" /><INIT seed="6,1,0,1,3,113" ten="26,256,263,455" oya="2" hai0="125,65,44,106,4,118,57,8,1,83,84,27,17" hai1="128,22,104,78,50,94,63,16,88,133,123,9,98" hai2="0,130,28,59,127,134,13,112,43,52,2,99,23" hai3="6,92,29,32,25,85,81,5,100,21,115,24,53"/><V46/><F112/><W64/><G115/><T68/><D68/><U114/><E114/><V36/><F127/><W96/><G64/><T58/><D106/><U47/><E128/><V79/><F130/><W48/><G25/><T91/><D125/><U109/><E133/><V131/><F131/><W72/><G72/><T61/><D118/><U97/><E123/><V87/><F134/><W120/><G32/><T108/><D108/><U15/><E78/><V122/><F122/><W14/><G14/><T10/><D44/><U93/><E104/><V105/><F105/><W37/><G37/><T31/><D58/><U66/><E109/><V60/><F99/><W82/><G82/><T26/><REACH who="0" step="1"/><D31/><REACH who="0" ten="16,256,263,455" step="2"/><U34/><E34/><V101/><F28/><W75/><G120/><T135/><D135/><U74/><E74/><V71/><F71/><W51/><G75/><T103/><D103/><U11/><E66/><V121/><F101/><W77/><G29/><T80/><D80/><U95/><E63/><V41/><F121/><W20/><G100/><T12/><AGARI ba="1,1" hai="1,4,8,10,12,17,26,27,57,61,65,83,84,91" machi="12" ten="30,2000,0" yaku="1,1,0,1,53,0" doraHai="113" doraHaiUra="18" who="0" fromWho="0" sc="16,33,256,-6,263,-11,455,-6" /><INIT seed="7,0,0,2,3,46" ten="49,250,252,449" oya="3" hai0="27,107,58,62,79,22,13,74,92,129,122,16,110" hai1="133,126,102,69,60,116,29,54,2,128,47,88,135" hai2="11,45,82,89,99,86,132,42,123,31,112,21,72" hai3="40,119,8,85,75,30,17,33,106,83,55,130,44"/><W65/><G119/><T84/><D107/><U56/><E116/><V103/><F112/><W115/><G75/><T10/><D74/><U117/><E117/><V19/><F72/><W66/><G106/><T94/><D110/><U97/><E126/><V38/><F132/><N who="1" m="50761" /><E128/><V134/><F134/><W121/><G121/><T14/><D122/><U4/><E29/><V95/><F123/><W12/><G30/><T57/><D129/><U50/><E69/><V87/><F31/><W48/><G33/><T26/><D26/><U18/><E18/><V64/><F64/><W23/><G115/><T28/><D58/><U71/><E71/><V25/><F11/><W101/><G101/><T32/><D79/><U93/><E4/><V118/><F118/><W111/><G111/><T131/><D131/><U24/><E24/><V70/><F70/><W15/><G40/><T108/><D108/><U49/><E2/><V98/><F103/><W7/><G130/><T96/><D84/><N who="1" m="52359" /><E47/><V100/><F82/><W90/><AGARI ba="0,0" hai="7,8,12,15,17,23,44,48,55,65,66,83,85,90" machi="90" ten="20,7800,0" yaku="0,1,7,1,8,1,52,1" doraHai="46" who="3" fromWho="3" sc="49,-26,250,-26,252,-26,449,78" owari="23,-48.0,224,-18.0,226,3.0,527,63.0" /></mjloggm>