<mjloggm ver="2.3"><GO type="169" lobby="0"/><UN n0="%47%48%4F%53%54" n1="%E3%82%AB%E3%82%B6%E3%83%A9%E3%82%AD" n2="%59%4D" n3="%E6%A4%9B%E5%8D%97" dan="18,19,17,17" rate="2243.81,2306.58,2168.98,2214.55" sx="M,M,M,F"/><TAIKYOKU oya="0"/><INIT seed="0,0,0,5,2,4" ten="250,250,250,250" oya="0" hai0="90,128,88,65,119,122,3,80,135,99,67,15,61" hai1="8,28,14,83,41,23,126,127,58,124,53,69,68" hai2="109,92,62,106,56,96,17,97,102,7,18,38,37" hai3="51,123,43,40,50,76,64,132,93,35,26,16,45"/><T94/><D119/><U86/><E41/><V36/><F109/><W115/><G132/><T100/><D122/><U63/><E28/><V116/><F116/><W79/><G123/><T11/><D3/><U75/><E23/><V49/><F49/><W29/><G115/><T105/><D128/><U131/><E75/><V1/><F1/><W66/><G93/><T113/><D135/><U87/><E131/><V81/><F81/><W31/><G31/><T32/><D32/><U133/><E133/><V73/><F7/><W19/><G66/><T129/><D129/><U13/><E13/><V60/><F73/><W54/><G64/><T104/><D67/><U27/><E27/><V120/><F120/><W55/><G43/><T103/><D113/><U78/><REACH who="1" step="1"/><E87/><REACH who="1" ten="250,240,250,250" step="2"/><V6/><F38/><W20/><G40/><T71/><D105/><U121/><E121/><V125/><F37/><W10/><G35/><T9/><D9/><U85/><E85/><V5/><F36/><W12/><REACH who="3" step="1"/><G29/><REACH who="3" ten="250,240,250,240" step="2"/><T46/><D104/><U110/><E110/><V59/><F106/><W21/><G21/><T112/><D112/><U24/><E24/><V74/><F74/><W91/><G91/><T111/><D111/><U39/><E39/><V57/><F102/><W70/><G70/><T48/><D103/><U98/><E98/><V47/><F96/><W95/><G95/><T134/><D134/><U33/><E33/><V30/><F97/><W82/><G82/><T34/><D80/><U42/><E42/><V84/><F92/><W44/><AGARI ba="0,2" hai="10,12,16,19,20,26,44,45,50,51,54,55,76,79" machi="44" ten="20,12000,2" yaku="1,1,0,1,7,1,9,1,8,1,52,1,54,1,53,0" doraHai="4" doraHaiUra="2" who="3" fromWho="3" sc="250,-60,240,-30,250,-30,240,140" /><INIT seed="1,0,0,1,1,129" ten="190,210,220,380" oya="1" hai0="90,84,22,25,34,113,58,0,67,120,79,5,83" hai1="12,10,46,125,117,51,82,18,3,97,115,75,95" hai2="86,11,55,98,62,15,43,21,96,50,31,133,29" hai3="54,103,121,74,108,110,85,134,107,106,104,77,16"/><U80/><E115/><V41/><F86/><W38/><G38/><T36/><D36/><U28/><E117/><V128/><F128/><W47/><G121/><T130/><D130/><U89/><E125/><V69/><F133/><W78/><G134/><T132/><D34/><U76/><E3/><V87/><F87/><W64/><G64/><T70/><D120/><U122/><E122/><V23/><F69/><W73/><G47/><T57/><D113/><U6/><E28/><V49/><F62/><W7/><G54/><T59/><D132/><U13/><E82/><V81/><F81/><N who="3" m="47279" /><G16/><T2/><D5/><U20/><E46/><V9/><F15/><W71/><G7/><T56/><N who="0" m="14336" /><DORA hai="126" /><T131/><D131/><U52/><E52/><AGARI ba="0,0" hai="9,11,21,23,29,31,41,43,49,50,52,55,96,98" machi="52" ten="25,6400,0" yaku="22,2,8,1,54,1" doraHai="129,126" who="2" fromWho="1" sc="190,0,210,-64,220,64,380,0" /><INIT seed="2,0,0,5,3,11" ten="190,146,284,380" oya="2" hai0="108,129,63,1,74,93,107,58,87,19,114,5,98" hai1="104,116,127,21,49,91,47,90,125,111,59,132,31" hai2="84,130,82,41,65,94,67,79,128,106,56,103,80" hai3="118,55,16,20,105,44,37,102,28,73,124,32,112"/><V17/><F106/><W92/><G118/><T76/><D129/><N who="2" m="49770" /><F41/><W122/><G124/><T101/><D108/><U72/><E72/><N who="2" m="43111" /><F56/><W62/><G122/><T6/><D114/><U66/><E104/><V51/><F51/><W53/><G105/><T120/><D1/><U24/><E111/><V85/><F17/><W121/><G73/><T30/><D30/><U43/><E132/><V64/><F82/><W29/><G121/><T38/><D38/><U13/><E116/><V77/><F77/><W54/><G32/><T2/><D2/><U46/><E46/><V75/><F75/><W100/><G62/><T83/><D120/><U15/><E127/><V7/><F7/><W60/><G60/><T3/><D19/><U8/><E125/><V23/><F23/><W57/><G57/><T68/><D3/><U61/><E8/><V109/><F109/><W126/><G126/><T14/><D68/><U86/><E91/><V52/><F52/><W69/><G69/><T50/><D50/><U22/><E21/><V33/><F33/><W81/><G81/><AGARI ba="0,0" hai="13,15,22,24,31,43,47,49,59,61,66,81,86,90" machi="81" ten="30,7700,0" yaku="7,1,8,1,52,2" doraHai="11" who="1" fromWho="3" sc="190,0,146,77,284,0,380,-77" /><INIT seed="3,0,0,2,3,100" ten="190,223,284,303" oya="3" hai0="121,65,119,122,71,74,21,114,111,22,69,79,29" hai1="13,98,30,19,84,118,33,86,39,23,49,37,116" hai2="14,26,103,108,16,20,105,99,60,91,80,117,4" hai3="38,11,115,6,127,53,3,55,125,106,58,129,40"/><W32/><G115/><T31/><D65/><U41/><E49/><V112/><F108/><W17/><G129/><T62/><D62/><U56/><E56/><V27/><F112/><W25/><G55/><T104/><D114/><U94/><E30/><V126/><F117/><N who="1" m="45161" /><E33/><V124/><F4/><W46/><G106/><T68/><D119/><U93/><E94/><V110/><F110/><W45/><G45/><T54/><D54/><U88/><E41/><V83/><F60/><W42/><G42/><T101/><D111/><U7/><E7/><V36/><F36/><AGARI ba="0,0" hai="13,19,23,36,37,39,84,86,88,93,98" m="45161" machi="36" ten="30,2000,0" yaku="12,1,54,1" doraHai="100" who="1" fromWho="2" sc="190,0,223,20,284,-20,303,0" /><INIT seed="4,0,0,4,0,103" ten="190,243,264,303" oya="0" hai0="87,11,128,88,30,32,37,122,6,125,90,40,27" hai1="110,58,71,85,12,7,100,60,19,109,21,49,121" hai2="8,81,38,117,3,114,99,61,112,33,59,95,123" hai3="131,50,34,96,127,111,52,54,46,24,134,107,55"/><T80/><D122/><U75/><E75/><V13/><F3/><W51/><G111/><T0/><D125/><U72/><E72/><V94/><F123/><W14/><G134/><T126/><D128/><U74/><E74/><V2/><F2/><W62/><G127/><T129/><D129/><U70/><E121/><V132/><F132/><W47/><G131/><T15/><D126/><U36/><E36/><V106/><F38/><W23/><G34/><T56/><D56/><U39/><E39/><V83/><F33/><W43/><G14/><T86/><D0/><U67/><E7/><V84/><F83/><W68/><G96/><T4/><D37/><U16/><E100/><V120/><F120/><W89/><G89/><T105/><D40/><U35/><E35/><V69/><F69/><W29/><REACH who="3" step="1"/><G107/><REACH who="3" ten="190,243,264,293" step="2"/><T101/><D105/><U91/><E110/><V118/><F106/><W26/><G26/><T57/><D101/><U63/><E109/><V25/><F25/><W93/><G93/><N who="2" m="35337" /><F99/><W41/><G41/><T10/><D90/><U97/><E97/><V53/><F81/><W28/><G28/><T135/><D135/><U22/><E63/><V124/><F124/><W48/><G48/><T77/><D88/><U17/><E49/><V115/><F84/><W18/><G18/><AGARI ba="0,1" hai="8,13,18,53,59,61,112,114,115,117,118" m="35337" machi="18" ten="40,1300,0" yaku="15,1" doraHai="103" who="2" fromWho="3" sc="190,0,243,0,264,23,293,-13" /><INIT seed="5,0,0,2,0,114" ten="190,243,287,280" oya="1" hai0="38,17,71,12,28,27,128,36,33,55,133,85,30" hai1="11,81,21,80,102,29,104,108,69,32,82,13,127" hai2="25,45,39,52,87,131,47,110,62,129,53,126,75" hai3="67,56,58,97,123,116,4,109,34,42,31,125,43"/><U96/><E127/><V60/><F75/><W77/><G125/><T134/><D128/><N who="2" m="49226" /><F25/><W135/><G123/><T111/><D111/><U79/><E108/><V26/><F26/><W122/><G122/><T119/><D30/><U107/><E32/><V68/><F87/><W101/><G135/><T118/><D71/><U5/><E69/><V46/><F126/><W18/><G77/><T61/><D85/><U121/><E121/><V19/><F19/><W95/><G18/><T15/><D15/><U20/><E79/><V105/><F105/><W93/><G4/><T41/><D61/><N who="2" m="23658" /><F110/><W83/><G31/><T106/><D106/><U51/><E29/><V72/><F72/><W14/><G14/><T24/><D24/><U66/><E66/><V89/><F89/><W73/><G67/><T78/><D78/><U9/><E107/><V63/><F39/><W99/><G73/><T40/><D38/><U54/><REACH who="1" step="1"/><E11/><REACH who="1" ten="190,233,287,280" step="2"/><V103/><F103/><W37/><G109/><T22/><D134/><U117/><E117/><V65/><AGARI ba="0,1" hai="45,46,47,52,53,63,65,68" m="23658,49226" machi="65" ten="40,8000,1" yaku="19,1,34,2,54,1" doraHai="114" who="2" fromWho="2" sc="190,-20,233,-40,287,90,280,-20" /><INIT seed="6,0,0,1,4,68" ten="170,193,377,260" oya="2" hai0="106,50,1,48,41,61,133,112,79,24,107,98,72" hai1="70,14,129,104,40,63,125,90,86,16,8,32,85" hai2="0,121,83,76,122,101,59,103,26,28,108,88,21" hai3="91,30,47,27,131,37,53,57,130,128,73,52,55"/><V124/><F0/><W110/><G73/><T115/><D1/><U19/><E104/><V54/><F124/><W67/><G91/><T113/><D133/><U69/><E32/><V81/><F108/><W92/><G92/><T6/><D6/><U35/><E35/><V66/><F66/><W36/><G47/><T126/><D126/><U78/><E125/><V99/><F103/><W117/><G117/><T135/><D135/><U33/><E33/><V5/><F5/><W39/><G67/><T49/><D41/><U58/><E40/><V82/><F76/><W7/><G7/><T18/><D61/><U75/><E129/><V64/><F64/><W12/><G12/><T11/><D98/><U45/><E45/><V74/><F74/><W13/><G13/><N who="0" m="7487" /><D24/><U46/><E46/><V60/><REACH who="2" step="1"/><F88/><REACH who="2" ten="170,193,367,260" step="2"/><W29/><G110/><T44/><D44/><U89/><E75/><V17/><F17/><W15/><G15/><T65/><D65/><U38/><E19/><V134/><F134/><W62/><G30/><T71/><D71/><U31/><E78/><V10/><F10/><W97/><G97/><T20/><D79/><U116/><E70/><V4/><F4/><W43/><G43/><T84/><D72/><U119/><E69/><V96/><F96/><W80/><G80/><T34/><D115/><U94/><E116/><V118/><F118/><W77/><G77/><T114/><D113/><U42/><E119/><V56/><F56/><W23/><AGARI ba="0,1" hai="23,27,29,36,37,39,52,53,55,57,62,128,130,131" machi="23" ten="40,12000,2" yaku="0,1,19,1,52,3,54,1" doraHai="68" who="3" fromWho="3" sc="170,-30,193,-30,367,-60,260,130" /><INIT seed="7,0,0,0,2,90" ten="140,163,307,390" oya="3" hai0="47,5,6,76,129,4,78,10,130,25,57,1,63" hai1="132,59,34,46,16,94,41,108,110,93,127,61,20" hai2="58,77,35,96,102,101,81,32,39,0,26,65,124" hai3="31,12,22,18,15,66,80,37,23,21,3,126,121"/><W53/><G3/><T131/><D25/><U116/><E34/><V118/><F39/><W64/><G126/><T111/><D111/><U62/><E110/><V123/><F118/><W17/><G37/><T99/><D47/><U51/><E108/><V13/><F0/><W125/><G125/><T68/><D68/><U135/><E127/><V49/><F124/><W36/><G36/><T8/><D99/><U50/><E50/><V27/><F13/><W95/><G80/><T128/><N who="0" m="32768" /><DORA hai="98" /><T48/><D48/><U115/><E115/><V134/><F134/><N who="1" m="51241" /><E116/><V75/><F123/><W44/><G23/><T29/><D29/><U119/><E119/><V97/><F26/><W11/><G31/><T71/><D71/><U85/><E85/><V19/><F19/><W69/><G11/><N who="0" m="4139" /><D1/><U89/><E89/><V83/><F27/><W14/><G14/><T28/><D28/><U88/><E88/><V105/><F83/><W40/><G69/><T133/><D133/><U24/><E62/><V67/><F67/><AGARI ba="0,0" hai="16,20,24,41,46,51,59,61,67,93,94" m="51241" machi="67" ten="30,7700,0" yaku="20,1,52,2,54,1" doraHai="90,98" who="1" fromWho="2" sc="140,0,163,77,307,-77,390,0" owari="140,-36.0,240,4.0,230,-17.0,390,49.0" /></mjloggm>