<mjloggm ver="2.3"><GO type="169" lobby="0"/><UN n0="%6E%7A%6B" n1="%79%79%78%30%31%31%35" n2="%E6%B0%B4%E7%84%A1%E6%9C%88%2A%E9%9F%BF" n3="%73%7A%2E%64%31" dan="16,18,16,17" rate="2073.00,2193.25,2074.60,2216.22" sx="M,M,M,M"/><TAIKYOKU oya="0"/><INIT seed="0,0,0,1,3,62" ten="250,250,250,250" oya="0" hai0="51,131,46,49,128,134,112,43,4,38,24,29,113" hai1="81,19,92,80,130,20,6,7,21,115,86,117,63" hai2="109,26,14,125,135,78,126,116,104,108,83,11,55" hai3="105,87,32,37,79,13,47,39,118,111,56,22,54"/><T72/><D72/><U3/><E117/><V76/><F55/><W64/><G105/><T69/><D4/><U74/><E130/><N who="0" m="49705" /><D134/><U42/><E115/><N who="0" m="44105" /><D69/><U35/><E35/><AGARI ba="0,0" hai="24,29,35,38,43,46,49,51" m="44105,49705" machi="35" ten="30,1500,0" yaku="19,1" doraHai="62" who="0" fromWho="1" sc="250,15,250,-15,250,0,250,0" /><INIT seed="0,1,0,2,0,90" ten="265,235,250,250" oya="0" hai0="132,5,41,110,21,13,120,81,0,57,7,83,77" hai1="14,73,102,71,52,60,92,38,62,20,107,80,74" hai2="103,121,15,67,50,124,87,33,134,47,93,96,119" hai3="27,84,54,109,75,72,55,95,131,108,88,65,78"/><T1/><D120/><U9/><E38/><V16/><F33/><W42/><G42/><T100/><D132/><U40/><E40/><V22/><F134/><W122/><G122/><T8/><D100/><U10/><E107/><V39/><F39/><W94/><G131/><T101/><D101/><U105/><E105/><V58/><F124/><W24/><G65/><T26/><D110/><N who="3" m="42601" /><G78/><T63/><D41/><U61/><E71/><V49/><F119/><W85/><G27/><T53/><D7/><U11/><E80/><V123/><F47/><W12/><G12/><T106/><D106/><U118/><E118/><V17/><F123/><W4/><G4/><T127/><D127/><U31/><E74/><N who="3" m="28202" /><G24/><T133/><D133/><U36/><E73/><V32/><F32/><W64/><G64/><T3/><REACH who="0" step="1"/><D77/><REACH who="0" ten="255,235,250,250" step="2"/><U69/><E102/><V37/><F121/><W89/><AGARI ba="1,1" hai="54,55,84,85,88,89,94,95" m="28202,42601" machi="89" ten="40,8000,1" yaku="14,1,52,2,54,1" doraHai="90" who="3" fromWho="3" sc="255,-41,235,-21,250,-21,250,93" /><INIT seed="1,0,0,5,0,108" ten="214,214,229,343" oya="1" hai0="42,17,66,122,64,23,132,60,35,117,128,0,1" hai1="75,121,25,129,88,119,3,120,68,90,78,31,18" hai2="62,135,76,6,123,10,13,74,116,82,85,94,40" hai3="53,38,27,79,49,46,63,16,15,104,93,113,134"/><U45/><E119/><V57/><F116/><W56/><G104/><T115/><D117/><U24/><E68/><V114/><F123/><W106/><G106/><T99/><D122/><U89/><E3/><V4/><F135/><W61/><G134/><T32/><D132/><U9/><E129/><V80/><F40/><W29/><G79/><T21/><D42/><U26/><E31/><V41/><F41/><W118/><G118/><T111/><D111/><U91/><N who="1" m="22528" /><DORA hai="14" /><U130/><E130/><V67/><F94/><W107/><G113/><T105/><D23/><U52/><E78/><V69/><F114/><W48/><G107/><T97/><D115/><U65/><E65/><V20/><F82/><W96/><G38/><T44/><D44/><U125/><E75/><V51/><F20/><N who="3" m="15591" /><G93/><T59/><D66/><U87/><E87/><V83/><F83/><W19/><G96/><T127/><D127/><U22/><E9/><V37/><F37/><W100/><G100/><T81/><D81/><U126/><E121/><V50/><F74/><W124/><G124/><N who="1" m="47722" /><E120/><V43/><F69/><W54/><G15/><T58/><D128/><U73/><E73/><V12/><F43/><W71/><G71/><T98/><D105/><U7/><E7/><V36/><F36/><W95/><G95/><T109/><D109/><U92/><E92/><V103/><F103/><W34/><G34/><N who="0" m="12843" /><D0/><U131/><E131/><V84/><F84/><W133/><G133/><T55/><D1/><U77/><E77/><V2/><F2/><W33/><G33/><T112/><D112/><U5/><E5/><RYUUKYOKU ba="0,0" sc="214,-30,214,10,229,10,343,10" hai1="18,22,24,25,26,45,52" hai2="4,6,10,12,13,50,51,57,62,67,76,80,85" hai3="16,19,46,48,49,53,54,56,61,63" /><INIT seed="1,1,0,1,4,20" ten="184,224,239,353" oya="1" hai0="31,108,59,62,54,74,88,111,124,69,117,53,39" hai1="44,63,60,75,78,123,110,121,45,34,102,132,51" hai2="32,68,67,129,99,22,15,16,56,92,50,105,115" hai3="36,80,130,58,90,79,89,76,52,127,91,37,109"/><U83/><E132/><V19/><F129/><W40/><G130/><T77/><D117/><U97/><E34/><V17/><F115/><W42/><G109/><N who="0" m="42059" /><D124/><U107/><E110/><V101/><F32/><W11/><G127/><T134/><D134/><U30/><E30/><V81/><F68/><W119/><G119/><T73/><D39/><U43/><REACH who="1" step="1"/><E44/><REACH who="1" ten="184,214,239,353" step="2"/><V12/><F22/><W133/><G133/><T2/><D31/><U41/><E41/><V104/><F104/><W13/><G36/><T85/><D69/><U93/><E93/><V95/><F95/><W6/><G37/><T21/><D21/><U131/><E131/><V33/><F33/><W87/><REACH who="3" step="1"/><G76/><REACH who="3" ten="184,214,239,343" step="2"/><T9/><D77/><U106/><E106/><V113/><F105/><W94/><G94/><N who="0" m="54543" /><D53/><U49/><E49/><AGARI ba="1,2" hai="6,11,13,40,42,49,52,58,79,80,87,89,90,91" machi="49" ten="40,5200,0" yaku="1,1,8,1,54,1,53,0" doraHai="20" doraHaiUra="18" who="3" fromWho="1" sc="184,0,214,-55,239,0,343,75" /><INIT seed="2,0,0,0,4,100" ten="184,159,239,418" oya="2" hai0="96,54,99,107,120,73,122,55,115,22,92,68,135" hai1="132,16,39,110,133,50,45,25,87,67,21,112,101" hai2="119,64,79,123,40,9,42,32,1,17,8,34,130" hai3="12,26,69,98,24,33,83,20,104,59,71,97,78"/><V6/><F64/><W49/><G97/><T117/><D115/><U125/><E112/><V62/><F79/><W57/><G57/><T109/><D109/><U127/><E39/><V63/><F119/><W124/><G124/><N who="1" m="47690" /><E67/><V95/><F95/><W15/><G15/><T52/><D117/><U4/><E4/><V38/><F123/><W126/><G12/><T14/><D73/><U80/><E101/><V89/><F38/><W91/><G91/><T65/><D135/><N who="1" m="51787" /><E110/><V108/><F6/><W3/><G3/><T56/><D68/><U36/><E36/><V51/><F1/><W94/><G69/><T35/><D65/><U77/><E50/><V58/><F51/><W66/><G71/><T106/><D122/><U53/><E53/><V118/><F118/><W61/><G49/><T18/><D120/><U11/><E11/><V82/><F9/><W74/><G126/><T113/><D113/><U41/><E41/><V31/><F8/><W81/><G66/><T0/><D56/><U86/><E45/><V131/><F58/><W84/><G59/><T13/><D0/><U46/><E46/><V90/><F108/><W28/><G61/><T105/><D55/><U85/><AGARI ba="0,0" hai="16,21,25,77,80,85,86,87" m="51787,47690" machi="85" ten="40,5200,0" yaku="18,1,20,1,54,1" doraHai="100" who="1" fromWho="1" sc="184,-13,159,52,239,-26,418,-13" /><INIT seed="3,0,0,3,1,84" ten="171,211,213,405" oya="3" hai0="131,133,109,85,12,22,18,40,4,13,104,38,69" hai1="100,25,79,60,95,56,2,105,63,33,11,97,134" hai2="82,14,49,76,90,39,10,99,135,71,75,27,32" hai3="121,19,91,24,108,128,111,72,6,29,101,65,21"/><W37/><G37/><T7/><D109/><N who="3" m="42057" /><G72/><T83/><D131/><U47/><E134/><V87/><F135/><W118/><G121/><T94/><D104/><U5/><E79/><V61/><F39/><W123/><G123/><T122/><D122/><U112/><E112/><V117/><F117/><W46/><G118/><T48/><D38/><U51/><E105/><V15/><F99/><W80/><G46/><T43/><D69/><U8/><E8/><V88/><F75/><W126/><G101/><T66/><D66/><U59/><E33/><V89/><F49/><W106/><G106/><T81/><D133/><U127/><E127/><V125/><F125/><W119/><G119/><T120/><D120/><U50/><E25/><V115/><F115/><W9/><G65/><T130/><D130/><U92/><E92/><V93/><F93/><W35/><G128/><T129/><D129/><U132/><E132/><V3/><F71/><W36/><G36/><T124/><D124/><U30/><E30/><V77/><F77/><W44/><G44/><N who="0" m="25607" /><D43/><U86/><E86/><V73/><F73/><W62/><G62/><T103/><D103/><U58/><REACH who="1" step="1"/><E51/><REACH who="1" ten="171,201,213,405" step="2"/><V57/><F32/><W116/><G126/><T78/><D94/><U102/><E102/><V96/><F96/><W45/><G116/><T41/><D81/><U16/><E16/><V55/><REACH who="2" step="1"/><F27/><REACH who="2" ten="171,201,203,405" step="2"/><W64/><G35/><T68/><D78/><U53/><AGARI ba="0,2" hai="2,5,11,47,50,53,56,58,59,60,63,95,97,100" machi="53" ten="30,2000,0" yaku="1,1,0,1,53,0" doraHai="84" doraHaiUra="20" who="1" fromWho="1" sc="171,-5,201,40,203,-5,405,-10" /><INIT seed="4,0,0,5,3,104" ten="166,241,198,395" oya="0" hai0="75,6,84,59,135,0,94,121,67,21,57,29,114" hai1="26,99,28,12,130,9,49,58,10,37,42,44,40" hai2="119,125,102,14,113,86,110,132,133,36,123,46,112" hai3="78,23,74,17,128,73,64,129,24,22,65,85,98"/><T69/><D121/><U60/><E130/><N who="3" m="50282" /><G98/><T38/><D38/><U117/><E117/><V127/><F14/><N who="3" m="9527" /><G85/><T91/><D114/><N who="2" m="44138" /><F86/><W56/><G78/><T101/><D135/><N who="2" m="51786" /><F102/><W87/><G87/><T2/><D101/><U63/><E99/><V81/><F81/><W71/><G71/><T3/><D6/><U126/><E9/><V47/><F123/><W62/><G64/><T27/><REACH who="0" step="1"/><D75/><REACH who="0" ten="156,241,198,395" step="2"/><U107/><E37/><V33/><F36/><W13/><G13/><T72/><D72/><U18/><E12/><V118/><F110/><W20/><G20/><T1/><N who="0" m="0" /><DORA hai="4" /><T54/><D54/><U53/><E53/><V52/><F52/><W122/><G122/><T41/><D41/><U120/><E42/><V43/><F43/><W93/><G93/><T96/><D96/><U45/><E40/><V30/><F119/><W90/><G90/><T50/><D50/><U108/><E49/><V70/><F118/><W82/><G82/><T48/><D48/><U106/><E120/><V16/><F47/><W76/><G76/><T115/><D115/><U134/><E45/><V124/><F46/><W25/><G25/><T95/><D95/><U131/><E26/><V100/><F100/><W77/><G77/><T105/><D105/><U31/><E44/><V61/><F127/><W51/><G51/><T66/><D66/><U39/><E39/><V8/><F125/><W89/><G89/><T97/><D97/><U32/><E126/><V34/><F124/><W80/><G80/><T88/><D88/><U55/><E134/><V11/><F61/><AGARI ba="0,1" hai="21,27,29,57,59,61,67,69,84,91,94" m="0" machi="61" ten="70,3400,0" yaku="1,1,53,0" doraHai="104,4" doraHaiUra="103,79" who="0" fromWho="2" sc="156,44,241,0,198,-34,395,0" /><INIT seed="4,1,0,3,0,133" ten="200,241,164,395" oya="0" hai0="55,82,107,99,88,125,76,116,21,106,13,6,69" hai1="32,60,119,37,46,34,89,78,123,63,95,2,112" hai2="75,110,101,85,19,1,77,79,15,91,58,102,4" hai3="29,103,135,127,8,61,122,104,117,41,44,68,39"/><T120/><D116/><U64/><E119/><V134/><F110/><W16/><G135/><T54/><D120/><U40/><E123/><V27/><F134/><W100/><G117/><T96/><D69/><U59/><E2/><V24/><F1/><W126/><G122/><T94/><D125/><N who="3" m="47625" /><G104/><T35/><D35/><U66/><E78/><V12/><F75/><W114/><G114/><T108/><D108/><U43/><E43/><V109/><F109/><W0/><G29/><T113/><D113/><U11/><E11/><V10/><F79/><W115/><G115/><T87/><D99/><U62/><E62/><V72/><F77/><W50/><G39/><T48/><D55/><U130/><E130/><V51/><F72/><W22/><G8/><T128/><D128/><U129/><E129/><V83/><F102/><W124/><G0/><T7/><D7/><U74/><E74/><V56/><F101/><W86/><G86/><T33/><D33/><U49/><E37/><V92/><F92/><W42/><G42/><T131/><D131/><U47/><E112/><V18/><F4/><W132/><G132/><T20/><D107/><U65/><E32/><V70/><F70/><W57/><G68/><T81/><D106/><U105/><E34/><V30/><F30/><W67/><N who="3" m="47633" /><W31/><DORA hai="121" /><G31/><T97/><D96/><U45/><E105/><V5/><F5/><W111/><G111/><T52/><D6/><U26/><E40/><V9/><F9/><W28/><G28/><T118/><D118/><U38/><E38/><V17/><F10/><W71/><G71/><RYUUKYOKU ba="1,0" sc="200,-10,241,-10,164,-10,395,30" hai3="16,22,41,44,50,57,61,67,100,103" /><INIT seed="5,2,0,2,3,109" ten="190,231,154,425" oya="1" hai0="118,112,101,9,110,135,111,133,34,72,105,57,63" hai1="24,85,31,92,74,16,94,78,128,121,104,124,27" hai2="98,123,47,114,29,14,51,1,89,60,11,95,130" hai3="40,58,3,5,39,7,44,70,107,19,59,35,90"/><U91/><E121/><V26/><F123/><W46/><G70/><T97/><D118/><U71/><E104/><V65/><F130/><W88/><G35/><T113/><D72/><U0/><E0/><V122/><F1/><W117/><G107/><T45/><D34/><U43/><E71/><V108/><F108/><N who="0" m="41514" /><D45/><U12/><E124/><V80/><F80/><W52/><G3/><T17/><D17/><U115/><E128/><V36/><F36/><W67/><G117/><T103/><D101/><U129/><E129/><V22/><F122/><W33/><G33/><T131/><D9/><U50/><E74/><V116/><F116/><W41/><G19/><T86/><D86/><U134/><E78/><V18/><F47/><W37/><G52/><N who="0" m="34215" /><D131/><U53/><E43/><V68/><REACH who="2" step="1"/><F51/><REACH who="2" ten="190,231,144,425" step="2"/><W100/><G37/><T2/><D2/><U15/><E50/><V126/><F126/><W81/><G39/><T106/><D106/><U30/><E92/><V119/><F119/><W125/><G125/><T42/><D42/><U82/><E94/><V96/><F96/><W83/><G100/><T75/><D75/><U66/><E82/><V10/><F10/><W87/><G87/><T54/><D54/><U20/><E53/><V61/><F61/><W132/><G67/><T38/><D38/><U127/><E66/><V77/><F77/><W8/><G8/><T69/><D69/><U25/><E85/><V62/><F62/><W73/><G73/><T79/><D79/><U84/><E84/><V120/><F120/><W21/><G40/><T93/><D105/><U56/><E127/><RYUUKYOKU ba="2,1" sc="190,15,231,-15,144,15,425,-15" hai0="93,97,103,112,113,133,135" hai2="11,14,18,22,26,29,60,65,68,89,95,98,114" /><INIT seed="6,3,1,4,2,95" ten="205,216,159,410" oya="2" hai0="59,112,93,65,129,9,132,97,85,26,67,18,13" hai1="124,104,121,111,110,113,122,89,16,108,55,2,60" hai2="11,48,63,47,101,45,21,73,119,88,54,52,8" hai3="77,106,96,6,135,98,51,92,41,71,0,84,38"/><V118/><F73/><W15/><G71/><T36/><D112/><U66/><E2/><V61/><F101/><W82/><G0/><T10/><D132/><U86/><E113/><V20/><REACH who="2" step="1"/><F48/><REACH who="2" ten="205,216,149,410" step="2"/><W102/><G38/><T81/><D36/><U78/><E111/><V32/><F32/><W74/><G135/><T134/><D134/><U123/><E110/><V105/><F105/><W120/><G74/><T39/><D39/><U43/><E104/><V70/><F70/><W27/><G106/><T79/><D129/><U24/><E108/><V1/><F1/><W53/><G51/><T117/><D117/><U62/><E122/><V114/><F114/><W76/><G102/><T14/><D59/><U126/><E123/><V40/><F40/><W94/><G41/><T130/><D130/><U29/><E43/><V25/><F25/><W42/><G27/><T31/><D26/><U128/><E24/><V91/><AGARI ba="3,2" hai="8,11,20,21,45,47,52,54,61,63,88,91,118,119" machi="91" ten="25,18000,2" yaku="1,1,0,1,22,2,54,2,53,0" doraHai="95" doraHaiUra="83" who="2" fromWho="2" sc="205,-63,216,-63,149,209,410,-63" /><INIT seed="6,4,0,2,1,110" ten="142,153,358,347" oya="2" hai0="131,78,41,127,94,116,32,96,37,29,20,107,70" hai1="135,120,14,75,72,15,1,63,128,9,129,76,106" hai2="113,121,50,3,85,36,134,52,77,115,40,5,68" hai3="86,123,88,54,100,21,64,101,53,97,58,87,2"/><V16/><F121/><W23/><G123/><T18/><D127/><U98/><E120/><V105/><F105/><W49/><G2/><T7/><D131/><N who="1" m="50251" /><E135/><V8/><F68/><W93/><G101/><T31/><D107/><U12/><E76/><V48/><F134/><W114/><G114/><N who="2" m="43529" /><F52/><W67/><G53/><T74/><D70/><U81/><E81/><N who="2" m="47279" /><F16/><W17/><G17/><T112/><D112/><U73/><E63/><V55/><F55/><W104/><REACH who="3" step="1"/><G86/><REACH who="3" ten="142,153,358,337" step="2"/><T60/><D18/><N who="1" m="8463" /><E1/><V103/><F103/><AGARI ba="4,1" hai="14,15,72,73,75,98,103,106" m="8463,50251" machi="103" ten="40,1300,0" yaku="19,1" doraHai="110" who="1" fromWho="2" sc="142,0,153,35,358,-25,337,0" /><INIT seed="7,0,0,1,3,18" ten="142,188,333,337" oya="3" hai0="1,13,12,40,102,110,105,126,120,60,35,78,103" hai1="101,51,81,67,133,21,52,49,119,83,26,20,115" hai2="36,107,73,47,48,134,43,108,96,68,55,25,104" hai3="16,75,86,2,24,44,59,100,117,88,0,95,17"/><W8/><G117/><T19/><D120/><U32/><E119/><V34/><F108/><W82/><G44/><T10/><D110/><U72/><E32/><V94/><F73/><W5/><G2/><T22/><D126/><U76/><E115/><V66/><F134/><W129/><G129/><T71/><D1/><U4/><E133/><V132/><F132/><W125/><G125/><T121/><D121/><U90/><E67/><V7/><F7/><W6/><G6/><T11/><D35/><U98/><E4/><V70/><F34/><W92/><G24/><T69/><D78/><U77/><E90/><V63/><F68/><W135/><G135/><T89/><D40/><U114/><E114/><V74/><F74/><W131/><G131/><T28/><D105/><U85/><E26/><V127/><F25/><W123/><G123/><T112/><D112/><U50/><REACH who="1" step="1"/><E52/><REACH who="1" ten="142,178,333,337" step="2"/><V30/><F127/><W27/><G27/><N who="0" m="16503" /><D71/><U45/><E45/><V87/><F30/><W64/><G64/><T65/><D69/><U42/><E42/><V54/><F54/><W3/><G3/><T9/><D89/><U38/><E38/><V80/><F55/><W113/><G113/><T33/><D33/><U97/><E97/><V29/><F29/><W61/><G0/><T84/><D84/><U111/><E111/><V53/><F53/><W56/><G86/><T58/><D13/><U23/><E23/><AGARI ba="0,1" hai="9,10,11,12,19,23,58,60,65,102,103" m="16503" machi="23" ten="30,3900,0" yaku="8,1,52,2" doraHai="18" who="0" fromWho="1" sc="142,49,178,-39,333,0,337,0" owari="191,-21.0,139,-36.0,333,13.0,337,44.0" /></mjloggm>