<mjloggm ver="2.3"><GO type="169" lobby="0"/><UN n0="%41%4F%54" n1="%61%6D%61%69%6B%61" n2="%70%6F%33" n3="%4D%E5%B0%82%E5%8B%99" dan="16,16,17,17" rate="2175.87,2116.41,2135.38,2252.93" sx="M,M,F,M"/><TAIKYOKU oya="0"/><INIT seed="0,0,0,1,3,44" ten="250,250,250,250" oya="0" hai0="12,38,19,22,89,56,40,28,121,130,50,113,79" hai1="24,34,55,125,94,0,134,4,81,106,61,49,107" hai2="118,67,75,103,5,70,115,110,47,69,60,23,37" hai3="17,88,102,32,91,35,129,98,25,36,100,111,80"/><T84/><D113/><U73/><E134/><V63/><F75/><W65/><G111/><T108/><D121/><U43/><E125/><V104/><F115/><W33/><G36/><T64/><D108/><U27/><E43/><V85/><F110/><W74/><G129/><T82/><D130/><U52/><E0/><V57/><F5/><W101/><G65/><T41/><D38/><U9/><E61/><V96/><F118/><W133/><G133/><T59/><D28/><U95/><E55/><V48/><F37/><W93/><G17/><T116/><D116/><U18/><E95/><V114/><F114/><W90/><G25/><T122/><D122/><U39/><E39/><V66/><F23/><W126/><G126/><T71/><D71/><U53/><E53/><V29/><F29/><W105/><G93/><T31/><D31/><U131/><E94/><V8/><F85/><W62/><G62/><N who="0" m="37959" /><D79/><U3/><E34/><V97/><F97/><W10/><G10/><T135/><D135/><U54/><E54/><AGARI ba="0,0" hai="12,19,22,40,41,50,54,59,82,84,89" m="37959" machi="54" ten="30,2900,0" yaku="8,1,52,1" doraHai="44" who="0" fromWho="1" sc="250,29,250,-29,250,0,250,0" /><INIT seed="0,1,0,3,4,69" ten="279,221,250,250" oya="0" hai0="114,0,43,86,125,115,96,36,61,66,74,13,40" hai1="45,53,21,56,129,95,131,120,133,98,58,62,33" hai2="7,5,68,122,71,126,23,3,109,25,27,24,104" hai3="75,91,81,123,14,111,39,12,29,18,87,118,44"/><T35/><D74/><U82/><E33/><V79/><F104/><W102/><G118/><T1/><D35/><U134/><E120/><V47/><F122/><W99/><G123/><T88/><D125/><U17/><E82/><V124/><F79/><W106/><G29/><T38/><D40/><U11/><E11/><V60/><F109/><W92/><G111/><T76/><D76/><U70/><E70/><V130/><F130/><N who="1" m="49673" /><E45/><V84/><F84/><W119/><G119/><T28/><D96/><U80/><E80/><V22/><F47/><W51/><G18/><T48/><D1/><U26/><E58/><V10/><F71/><W89/><G39/><T32/><D0/><U52/><E53/><V2/><F60/><W19/><G19/><T64/><D64/><U116/><E116/><V94/><F68/><W30/><G30/><T83/><D61/><U128/><N who="1" m="49681" /><U112/><DORA hai="49" /><E112/><V117/><F117/><W46/><G46/><N who="0" m="25695" /><D66/><U41/><E41/><V16/><F94/><W67/><G67/><T37/><D114/><U65/><E65/><V135/><F16/><W63/><G63/><T103/><D115/><U15/><E15/><V108/><F108/><W4/><G75/><T59/><D13/><U113/><E113/><V72/><F72/><W121/><G121/><T77/><D59/><U55/><E55/><V93/><F93/><W57/><G57/><T73/><D32/><U42/><E42/><V85/><F2/><W34/><G34/><T97/><D28/><U90/><AGARI ba="1,0" hai="17,21,26,52,56,62,90,95,98,133,134" m="49681" machi="90" ten="40,8000,1" yaku="25,1,19,1,52,1,54,1" doraHai="69,49" who="1" fromWho="1" sc="279,-41,221,83,250,-21,250,-21" /><INIT seed="1,0,0,4,3,39" ten="238,304,229,229" oya="1" hai0="9,68,61,110,16,13,121,101,93,118,83,19,43" hai1="123,88,36,67,60,54,73,24,81,126,100,22,62" hai2="91,29,115,64,132,0,82,25,14,44,63,124,129" hai3="50,11,106,52,95,4,77,31,28,40,130,125,87"/><U112/><E112/><V134/><F0/><W133/><G106/><T58/><D118/><U108/><E123/><V80/><F115/><W111/><G111/><T27/><D110/><U7/><E108/><V35/><F124/><W105/><G105/><T26/><D68/><U76/><E126/><V15/><F129/><W99/><G125/><T84/><D43/><U98/><E7/><V75/><F44/><W8/><G40/><T47/><D47/><U86/><E36/><V78/><F82/><N who="3" m="47567" /><G133/><N who="2" m="51305" /><F91/><N who="3" m="55807" /><G130/><T20/><D121/><U38/><E38/><V1/><F1/><W5/><G4/><T48/><D48/><U104/><E54/><V51/><F51/><W92/><G92/><T30/><D93/><N who="1" m="54423" /><E67/><V122/><F122/><W33/><G33/><T69/><D69/><AGARI ba="0,0" hai="14,15,25,29,35,63,64,69,75,78,80" m="51305" machi="69" ten="30,1000,0" yaku="20,1" doraHai="39" who="2" fromWho="0" sc="238,-10,304,0,229,10,229,0" /><INIT seed="2,0,0,4,0,23" ten="228,304,239,229" oya="2" hai0="104,87,41,63,132,52,70,75,39,7,47,14,28" hai1="29,32,4,102,5,58,50,31,98,53,112,11,114" hai2="93,106,123,90,72,45,12,9,10,118,44,83,6" hai3="77,121,81,42,18,100,80,85,68,1,67,107,130"/><V126/><F118/><W131/><G121/><T35/><D75/><U62/><E4/><V74/><F123/><W3/><G42/><T73/><D73/><U105/><E31/><V60/><F106/><W21/><G81/><T94/><D104/><U64/><E29/><V133/><F133/><W125/><G125/><T119/><D132/><U122/><E32/><V120/><F120/><W8/><G67/><T79/><D119/><U24/><E24/><V117/><F126/><W13/><G68/><T82/><D35/><U16/><E122/><V76/><F74/><W103/><G1/><T109/><D28/><U37/><E37/><V134/><F134/><W51/><G51/><T38/><D109/><U33/><E33/><V124/><F124/><W135/><G135/><T91/><D39/><U86/><E86/><V48/><F117/><W69/><G69/><T26/><D26/><U116/><E116/><V54/><F60/><W108/><G108/><T56/><D70/><U110/><E110/><V27/><F10/><W115/><G115/><T25/><D25/><U65/><E65/><V34/><F34/><W17/><G107/><T95/><REACH who="0" step="1"/><D79/><REACH who="0" ten="218,304,239,229" step="2"/><U19/><E114/><V59/><REACH who="2" step="1"/><F27/><REACH who="2" ten="218,304,229,229" step="2"/><N who="3" m="14767" /><G3/><T101/><D101/><U0/><E112/><V96/><AGARI ba="0,2" hai="6,9,12,44,45,48,54,59,72,76,83,90,93,96" machi="96" ten="20,7800,0" yaku="1,1,0,1,7,1,53,1" doraHai="23" doraHaiUra="89" who="2" fromWho="2" sc="218,-26,304,-26,229,98,229,-26" /><INIT seed="2,1,0,1,3,27" ten="192,278,327,203" oya="2" hai0="26,93,92,115,39,15,132,128,112,100,2,99,64" hai1="76,5,109,91,86,51,41,105,9,129,102,56,133" hai2="62,135,122,108,121,98,43,28,63,126,118,0,48" hai3="20,67,82,1,117,54,18,114,101,53,124,97,6"/><V110/><F0/><W55/><G117/><T75/><D2/><U34/><E109/><N who="2" m="42091" /><F98/><W8/><G124/><T73/><D39/><U69/><E69/><V29/><F118/><W116/><G116/><T78/><D64/><U88/><E34/><V47/><F126/><W57/><G67/><T13/><D26/><U24/><E24/><V50/><F50/><W104/><G82/><T81/><D15/><U94/><E133/><V11/><F11/><W22/><G114/><N who="0" m="43563" /><D13/><U71/><E71/><V45/><F45/><W14/><REACH who="3" step="1"/><G22/><REACH who="3" ten="192,278,327,193" step="2"/><T25/><D132/><U103/><E9/><V3/><F135/><W21/><G21/><T37/><D81/><U70/><E70/><V60/><F3/><W131/><G131/><T111/><D128/><U95/><E129/><V44/><F44/><W40/><G40/><T65/><D111/><U123/><E41/><V107/><F107/><W7/><G7/><T127/><D127/><U68/><E5/><V36/><F36/><W130/><G130/><T46/><D46/><U42/><E42/><V74/><F74/><W120/><G120/><AGARI ba="1,1" hai="28,29,43,47,48,60,62,63,120,121,122" m="42091" machi="120" ten="40,12000,1" yaku="14,1,10,1,52,2" doraHai="27" who="2" fromWho="3" sc="192,0,278,0,327,133,193,-123" /><INIT seed="2,2,0,4,4,22" ten="192,278,460,70" oya="2" hai0="65,36,34,100,42,110,21,44,114,132,62,135,67" hai1="43,120,58,121,105,94,81,54,12,87,29,51,90" hai2="52,24,18,3,80,59,48,49,126,82,117,93,98" hai3="122,103,37,9,1,20,2,89,69,40,118,57,113"/><V125/><F3/><W127/><G69/><N who="0" m="42167" /><D34/><U78/><E105/><V17/><F117/><W10/><G118/><T55/><D100/><U109/><E109/><V77/><F48/><W16/><G122/><T13/><D13/><U70/><E70/><V19/><F24/><W99/><G127/><N who="2" m="48649" /><F77/><W27/><G113/><T38/><D21/><U30/><E12/><V131/><F131/><W74/><G74/><T15/><D15/><U66/><E66/><V112/><F112/><W33/><G89/><AGARI ba="2,0" hai="17,18,19,49,52,59,80,82,89,93,98" m="48649" machi="89" ten="30,2900,0" yaku="18,1,54,1" doraHai="22" who="2" fromWho="3" sc="192,0,278,0,460,35,70,-35" /><INIT seed="2,3,0,3,4,14" ten="192,278,495,35" oya="2" hai0="16,22,7,74,54,126,121,103,1,120,117,46,6" hai1="70,78,91,51,68,96,72,71,31,38,105,90,4" hai2="104,98,2,111,8,27,40,34,19,26,30,0,48" hai3="114,122,127,23,15,112,73,58,69,21,28,89,9"/><V55/><F40/><W79/><G69/><T85/><D74/><U87/><E38/><V128/><F128/><W41/><G41/><T62/><D126/><U36/><E36/><V82/><F82/><N who="3" m="45423" /><G122/><T97/><D117/><U102/><E31/><V32/><F32/><W75/><G75/><T20/><D120/><U66/><E4/><V95/><F104/><W45/><G45/><T125/><D121/><U12/><E12/><V109/><F8/><W35/><G58/><T123/><D125/><U43/><E43/><V50/><F0/><W13/><G89/><T63/><D1/><U135/><E51/><V108/><F2/><W115/><G15/><T49/><D123/><U81/><E135/><V10/><F10/><W119/><G119/><T132/><D85/><U59/><E59/><V24/><F27/><N who="3" m="18847" /><G127/><T61/><D22/><U67/><REACH who="1" step="1"/><E90/><REACH who="1" ten="192,268,495,35" step="2"/><N who="2" m="55671" /><F55/><W57/><G57/><T134/><D134/><U99/><E99/><V76/><F76/><W124/><G124/><T39/><D39/><U107/><E107/><V47/><F47/><W18/><AGARI ba="3,1" hai="9,13,18,21,23,112,114,115" m="18847,45423" machi="18" ten="30,2000,0" yaku="11,1,52,1" doraHai="14" who="3" fromWho="3" sc="192,-8,268,-8,495,-13,35,39" /><INIT seed="3,0,0,3,4,110" ten="184,260,482,74" oya="3" hai0="24,112,115,47,23,103,86,118,59,4,94,124,130" hai1="113,81,5,34,73,18,53,87,3,2,6,79,105" hai2="125,121,134,74,133,22,52,58,25,36,106,129,20" hai3="72,128,49,14,43,29,123,15,67,108,85,48,35"/><W111/><G72/><T9/><D118/><U31/><E53/><V126/><F106/><W57/><G123/><T98/><D124/><N who="2" m="47722" /><F36/><W68/><G128/><T84/><D130/><U0/><E18/><V19/><F129/><W12/><G68/><T76/><D59/><U99/><E87/><V97/><F97/><W101/><G101/><T42/><D23/><U117/><E5/><V92/><F92/><W40/><G85/><T46/><D24/><U131/><E117/><V132/><F74/><W66/><G57/><T38/><D47/><U65/><E65/><N who="3" m="24586" /><G29/><T71/><D71/><U27/><E131/><V37/><F37/><W28/><G28/><T10/><D10/><N who="1" m="2375" /><E113/><N who="0" m="43593" /><D76/><U44/><E44/><V39/><F22/><W11/><G11/><T107/><D107/><U41/><E41/><N who="3" m="15946" /><G35/><T104/><D104/><U17/><E34/><V100/><F39/><W109/><AGARI ba="0,0" hai="12,14,15,48,49,108,109,111" m="15946,24586" machi="109" ten="40,12000,1" yaku="28,2,14,1,10,1" doraHai="110" who="3" fromWho="3" sc="184,-40,260,-40,482,-40,74,120" /><INIT seed="3,1,0,1,4,101" ten="144,220,442,194" oya="3" hai0="69,5,124,100,29,134,63,30,19,42,26,66,115" hai1="33,24,17,2,87,109,106,11,127,103,40,64,94" hai2="48,15,93,113,49,90,107,77,67,133,61,104,83" hai3="73,27,131,78,121,14,129,46,62,88,125,79,38"/><W43/><G121/><T89/><D124/><U35/><E109/><V1/><F1/><W117/><G117/><T3/><D134/><U16/><E127/><V59/><F113/><W52/><G125/><T36/><D115/><U47/><E64/><V120/><F133/><W82/><G14/><T58/><D19/><U32/><E87/><V84/><F120/><W25/><G79/><T57/><D30/><U18/><E94/><V10/><F48/><W0/><G0/><T65/><D100/><U119/><E119/><V130/><F49/><W72/><G72/><T68/><D89/><U76/><E76/><V71/><F71/><W85/><G131/><T114/><D114/><U112/><E112/><V50/><F50/><W81/><REACH who="3" step="1"/><G129/><REACH who="3" ten="144,220,442,184" step="2"/><T70/><D3/><U8/><E2/><V108/><F130/><W122/><G122/><T13/><D13/><U54/><E24/><V44/><F108/><W4/><G4/><T86/><D5/><U53/><E8/><V123/><F123/><W126/><G126/><T98/><D26/><U110/><E11/><V75/><F44/><W111/><G111/><T135/><D135/><U20/><E110/><V39/><F39/><W96/><G96/><T102/><D98/><U80/><E47/><V34/><F15/><W99/><G99/><T132/><D132/><U56/><E33/><V74/><F10/><W91/><G91/><T23/><D36/><U31/><E35/><V9/><F9/><W28/><G28/><T7/><D29/><U6/><E32/><V97/><F34/><W95/><G95/><T118/><D7/><RYUUKYOKU ba="1,1" sc="144,-15,220,-15,442,15,184,15" hai2="59,61,67,74,75,77,83,84,90,93,97,104,107" hai3="25,27,38,43,46,52,62,73,78,81,82,85,88" /><INIT seed="3,2,1,3,2,96" ten="129,205,457,199" oya="3" hai0="130,103,93,40,72,104,15,98,123,89,20,22,52" hai1="63,107,11,4,124,118,59,67,119,29,51,66,23" hai2="42,71,85,38,13,0,65,94,74,83,57,126,26" hai3="3,43,91,46,127,45,115,116,82,68,128,53,55"/><W95/><G116/><N who="1" m="44586" /><E107/><V19/><F0/><W60/><G115/><T102/><D123/><U99/><E99/><V131/><F71/><W49/><G3/><T111/><D130/><U61/><E51/><V110/><F131/><W122/><G128/><T113/><D111/><U97/><E97/><V112/><F110/><W100/><G100/><N who="0" m="38443" /><D72/><U12/><E124/><V9/><F126/><W90/><G127/><T8/><D104/><U31/><E23/><N who="0" m="8745" /><D113/><U6/><E6/><V17/><F74/><W134/><G134/><T36/><D36/><U27/><E27/><V62/><F26/><W37/><G122/><T108/><D108/><U87/><E87/><V41/><F38/><W56/><G82/><T105/><D105/><U84/><E84/><V78/><F85/><W106/><G106/><T14/><D40/><U69/><AGARI ba="2,1" hai="4,11,12,29,31,59,61,63,66,67,69" m="44586" machi="69" ten="30,1100,0" yaku="12,1" doraHai="96" who="1" fromWho="1" sc="129,-5,205,27,457,-5,199,-7" /><INIT seed="4,0,0,0,2,120" ten="124,232,452,192" oya="0" hai0="3,10,47,37,135,129,80,96,106,123,74,69,113" hai1="39,62,122,55,92,0,44,66,112,94,127,87,121" hai2="46,82,2,114,99,79,26,78,110,14,59,83,12" hai3="63,48,88,40,45,25,65,105,18,58,73,24,60"/><T56/><RYUUKYOKU type="yao9" ba="0,0" sc="124,0,232,0,452,0,192,0" hai0="3,10,37,47,56,69,74,80,96,106,113,123,129,135" /><INIT seed="4,1,0,1,5,21" ten="124,232,452,192" oya="0" hai0="48,4,69,99,26,46,105,93,49,80,11,91,116" hai1="28,111,112,102,41,124,121,37,50,56,92,20,96" hai2="107,16,15,101,76,10,30,59,117,57,33,34,36" hai3="52,100,94,13,131,88,97,63,87,103,75,125,25"/><T68/><D116/><U130/><E111/><V74/><F36/><W55/><G125/><T14/><D105/><U29/><E121/><V90/><F76/><W19/><G75/><T110/><D110/><U27/><E130/><V61/><F74/><W118/><G131/><T35/><D48/><U114/><E37/><V62/><F101/><W38/><G38/><T31/><REACH who="0" step="1"/><D80/><REACH who="0" ten="114,232,452,192" step="2"/><U123/><E124/><V5/><F107/><W104/><G118/><T78/><D78/><U89/><E123/><V65/><F117/><W18/><G63/><T115/><D115/><U7/><E114/><V79/><F79/><W106/><G106/><T66/><D66/><U8/><E112/><V81/><F81/><W84/><G104/><T77/><D77/><U24/><E50/><V6/><F62/><W83/><G83/><T67/><D67/><U95/><E95/><V122/><F65/><W2/><G94/><T126/><D126/><U44/><E92/><V42/><F61/><W39/><G39/><T72/><D72/><U82/><E82/><V98/><F122/><W64/><G64/><T1/><D1/><U128/><E128/><V85/><F98/><W45/><G2/><T47/><D47/><U40/><E44/><V133/><F59/><W73/><G45/><T43/><AGARI ba="1,1" hai="4,11,14,26,31,35,43,46,49,68,69,91,93,99" machi="43" ten="20,7800,0" yaku="1,1,0,1,7,1,52,1,53,0" doraHai="21" doraHaiUra="135" who="0" fromWho="0" sc="114,91,232,-27,452,-27,192,-27" /><INIT seed="4,2,0,3,1,76" ten="205,205,425,165" oya="0" hai0="90,130,34,6,53,58,97,78,89,128,21,133,110" hai1="79,7,20,103,95,66,51,3,33,0,120,94,17" hai2="112,121,45,56,55,57,119,101,16,93,109,123,49" hai3="132,36,91,99,108,5,32,43,117,48,98,63,41"/><T102/><D34/><U37/><E37/><V116/><F16/><W75/><G108/><T83/><D110/><U47/><E33/><V29/><F29/><W52/><G32/><T46/><D133/><U122/><E66/><V86/><F86/><W11/><G75/><N who="0" m="43487" /><D46/><U105/><E105/><V72/><F93/><W81/><G132/><T12/><D21/><U74/><E94/><V125/><F101/><W59/><G117/><N who="2" m="45129" /><F72/><W60/><G36/><T135/><D12/><U18/><E95/><V38/><F109/><W14/><G63/><N who="0" m="36303" /><D6/><U107/><E103/><V26/><F26/><W15/><G15/><T64/><D64/><U2/><E107/><V100/><F100/><W13/><G13/><T118/><D118/><U82/><E7/><V54/><F38/><W129/><G129/><N who="0" m="49771" /><D135/><U88/><E20/><V24/><F45/><N who="3" m="25647" /><G43/><T62/><D62/><U28/><E18/><V40/><F40/><W104/><G104/><AGARI ba="2,0" hai="89,90,97,102,104" m="49771,36303,43487" machi="104" ten="30,2900,0" yaku="19,1,52,1" doraHai="76" who="0" fromWho="3" sc="205,35,205,0,425,0,165,-35" /><INIT seed="4,3,0,2,4,33" ten="240,205,425,130" oya="0" hai0="74,5,66,17,70,13,47,37,21,106,83,117,82" hai1="135,92,118,81,72,133,18,25,49,50,114,90,31" hai2="68,104,71,51,35,20,42,59,48,58,26,40,27" hai3="78,44,132,86,100,54,87,119,41,113,1,91,107"/><T7/><D106/><U34/><E118/><V28/><F104/><W98/><G119/><T128/><D117/><U79/><E18/><V14/><F14/><W134/><G113/><T61/><D128/><U55/><E114/><V30/><F20/><W53/><G86/><T88/><D74/><U120/><E120/><V0/><F35/><W76/><G1/><AGARI ba="3,0" hai="0,1,26,27,28,30,40,42,48,51,58,59,68,71" machi="1" ten="25,6400,0" yaku="22,2,52,2" doraHai="33" who="2" fromWho="3" sc="240,0,205,0,425,73,130,-73" /><INIT seed="5,0,0,3,0,28" ten="240,205,498,57" oya="1" hai0="105,85,89,70,39,44,71,133,7,30,108,14,32" hai1="126,135,93,117,22,114,38,75,24,10,111,125,40" hai2="69,51,50,65,98,121,21,119,16,82,29,36,128" hai3="67,33,61,56,26,123,106,4,6,76,77,68,134"/><U47/><E114/><V129/><F119/><W78/><G123/><T62/><D108/><U102/><E75/><V59/><F36/><W94/><G134/><T3/><D133/><U130/><E117/><V132/><F29/><W99/><G94/><T23/><D105/><U57/><E135/><V15/><F121/><W83/><G56/><T20/><D3/><U12/><E130/><V5/><F5/><W109/><G83/><T34/><D7/><U54/><E102/><V95/><F82/><W97/><G97/><T115/><D115/><U96/><E96/><V17/><F69/><W73/><G73/><T81/><D30/><U104/><E93/><V0/><F0/><W60/><G60/><T86/><D70/><U87/><E87/><V48/><F17/><W113/><G113/><T18/><D20/><U116/><E104/><V127/><F132/><W58/><G58/><T9/><D23/><U55/><E111/><V80/><F80/><W91/><G91/><T13/><D13/><U103/><E103/><N who="2" m="60895" /><F59/><W66/><G66/><T63/><D85/><U92/><E92/><V31/><F65/><W100/><REACH who="3" step="1"/><G109/><REACH who="3" ten="240,205,498,47" step="2"/><T122/><D122/><U11/><E57/><V72/><F72/><W46/><G46/><T79/><D71/><U74/><E74/><V2/><F129/><W101/><G101/><T19/><D89/><U49/><E47/><V131/><F131/><W25/><G25/><T84/><D81/><U107/><E24/><V53/><F128/><W112/><G112/><T118/><D44/><N who="1" m="23575" /><E107/><V1/><F53/><W64/><G64/><T52/><D52/><RYUUKYOKU ba="0,1" sc="240,-10,205,-10,498,-10,47,30" hai3="4,6,26,33,61,67,68,76,77,78,99,100,106" /><INIT seed="6,1,1,4,3,37" ten="230,195,488,77" oya="2" hai0="80,48,70,108,88,24,29,12,87,59,20,49,34" hai1="21,77,72,67,18,25,94,86,3,104,117,6,123" hai2="95,5,126,71,84,90,8,74,69,113,110,9,73" hai3="100,4,98,112,58,75,46,68,102,33,122,42,114"/><V0/><F110/><W55/><G68/><T133/><D108/><U85/><E117/><V101/><F113/><N who="3" m="43627" /><G122/><T10/><D70/><U130/><E104/><V127/><F69/><W99/><G33/><T64/><D133/><U2/><E72/><V30/><F30/><W107/><G4/><N who="0" m="3143" /><D34/><U41/><E67/><V23/><F71/><W109/><G75/><T57/><D64/><U60/><E60/><V111/><F111/><W39/><G109/><T7/><D7/><U47/><E6/><V132/><F132/><W66/><G66/><T11/><D11/><U19/><E2/><V129/><F73/><W38/><G38/><T28/><D28/><U96/><E3/><V1/><F74/><W27/><G27/><T79/><D79/><U54/><E77/><V65/><F0/><W121/><G121/><T36/><D36/><U93/><E25/><V97/><F5/><W13/><G13/><T76/><D76/><U125/><E18/><V16/><F1/><W44/><G44/><T128/><D128/><U116/><E47/><V53/><F65/><W83/><G83/><T91/><D91/><U62/><E19/><V78/><F78/><W106/><G58/><AGARI ba="1,1" hai="20,24,29,48,49,57,58,59,80,87,88" m="3143" machi="58" ten="30,2000,0" yaku="8,1,54,1" doraHai="37" who="0" fromWho="3" sc="230,33,195,0,488,0,77,-23" /><INIT seed="7,0,0,1,3,124" ten="263,195,488,54" oya="3" hai0="114,131,36,119,96,12,81,13,97,79,135,59,24" hai1="74,49,128,90,121,34,88,109,60,46,113,122,92" hai2="93,40,57,107,78,86,55,30,116,47,19,52,112" hai3="5,50,108,56,18,68,102,26,22,28,20,35,41"/><W73/><G68/><T98/><D36/><U132/><E109/><V6/><F107/><W129/><G108/><T23/><D119/><U72/><E34/><V75/><F75/><W61/><G73/><T84/><D131/><U105/><E105/><V16/><F112/><W65/><G35/><T10/><D135/><U126/><E126/><V33/><F6/><W44/><G5/><T64/><D10/><U99/><E113/><V70/><F70/><W106/><G106/><T51/><D114/><U130/><E132/><V21/><F116/><W77/><G77/><T103/><D103/><U94/><E60/><V80/><F93/><W15/><REACH who="3" step="1"/><G102/><REACH who="3" ten="263,195,488,44" step="2"/><T123/><D123/><U2/><E121/><V17/><F33/><W29/><G29/><T0/><D79/><U91/><E122/><V95/><F30/><W87/><G87/><T1/><D84/><N who="1" m="52327" /><E74/><V100/><F100/><W134/><G134/><T118/><D118/><U120/><E72/><V110/><F110/><W66/><G66/><T85/><D64/><U67/><E67/><V58/><F78/><W27/><G27/><T111/><D24/><U14/><E120/><V83/><F86/><W37/><G37/><T7/><D85/><U71/><E71/><V43/><F95/><W3/><G3/><T115/><D0/><U104/><E104/><V117/><F19/><W63/><G63/><T32/><D1/><U48/><E2/><V42/><F16/><W53/><G53/><T4/><D32/><U69/><E69/><V101/><F101/><W45/><G45/><T127/><D111/><U9/><E46/><RYUUKYOKU ba="0,1" sc="263,-10,195,-10,488,-10,44,30" hai3="15,18,20,22,26,28,41,44,50,56,61,65,129" /><INIT seed="7,1,1,0,0,93" ten="253,185,478,74" oya="3" hai0="73,45,62,116,9,15,40,18,129,46,81,86,4" hai1="124,43,127,76,11,34,99,64,120,29,115,61,50" hai2="88,36,121,119,51,69,104,134,39,102,56,117,22" hai3="65,33,92,55,126,30,52,25,26,41,57,105,24"/><W2/><G105/><T27/><D116/><U94/><E76/><V106/><F69/><W13/><G2/><T87/><D129/><U122/><E115/><V19/><F121/><W67/><G41/><T135/><D135/><U97/><E11/><V5/><F5/><W98/><G126/><N who="1" m="48170" /><E29/><V113/><F134/><W54/><G13/><T47/><D73/><U133/><E34/><V48/><F113/><W111/><G111/><T96/><D96/><N who="1" m="36939" /><E94/><V1/><F1/><W112/><G112/><T0/><D27/><U59/><E133/><V131/><F131/><W3/><G3/><T37/><D62/><U42/><E42/><V118/><F39/><W63/><REACH who="3" step="1"/><G65/><REACH who="3" ten="253,185,478,64" step="2"/><T100/><D0/><U71/><E43/><V128/><F106/><W75/><G75/><T130/><D40/><U80/><E80/><V83/><F83/><W49/><G49/><T6/><D81/><U123/><E50/><V91/><F48/><W84/><G84/><T74/><D74/><U8/><E8/><V68/><F51/><W58/><G58/><AGARI ba="1,2" hai="58,59,61,64,71,120,122,123" m="36939,48170" machi="58" ten="40,8000,1" yaku="18,1,52,3" doraHai="93" who="1" fromWho="3" sc="253,0,185,103,478,0,64,-83" owari="253,-15.0,288,9.0,478,58.0,-19,-52.0" /></mjloggm>