<mjloggm ver="2.3"><GO type="169" lobby="0"/><UN n0="%45%72%77%69%6E%52%64" n1="%E5%AE%8C%E5%85%A8%E5%AE%89%E7%89%8C" n2="%E4%BC%8A%E8%97%A4%E4%B8%87%E7%90%86%E8%8F%AF" n3="%6B%74%6B%62" dan="16,17,17,16" rate="2135.12,2155.42,2214.32,2072.12" sx="M,M,F,M"/><TAIKYOKU oya="0"/><INIT seed="0,0,0,2,0,43" ten="250,250,250,250" oya="0" hai0="115,4,134,91,92,114,29,44,54,108,38,131,69" hai1="40,64,73,87,95,128,42,68,10,135,101,56,0" hai2="94,80,28,122,104,63,45,21,27,82,61,16,77" hai3="133,116,26,5,109,9,88,39,18,67,75,58,105"/><T71/><D131/><U30/><E73/><V74/><F122/><W121/><G116/><T51/><D134/><U48/><E135/><V119/><F104/><W98/><G109/><T99/><D29/><U117/><E68/><V78/><F119/><W11/><G39/><T25/><D25/><U124/><E0/><V14/><F94/><W1/><G75/><T2/><D38/><U112/><E124/><V86/><REACH who="2" step="1"/><F45/><REACH who="2" ten="250,250,240,250" step="2"/><W120/><G105/><T84/><D108/><U107/><E95/><V57/><F57/><W47/><G47/><T89/><D69/><U31/><E56/><V34/><AGARI ba="0,1" hai="14,16,21,27,28,34,61,63,74,77,78,80,82,86" machi="34" ten="20,5200,0" yaku="1,1,0,1,7,1,54,1,53,0" doraHai="43" doraHaiUra="49" who="2" fromWho="2" sc="250,-26,250,-13,240,62,250,-13" /><INIT seed="1,0,0,0,3,124" ten="224,237,302,237" oya="1" hai0="26,135,104,43,92,130,52,118,97,38,34,12,113" hai1="106,25,58,45,15,85,27,33,76,119,79,73,80" hai2="77,60,10,7,16,131,23,99,22,87,125,56,4" hai3="1,19,90,95,132,50,11,17,111,68,107,14,116"/><U81/><E119/><V28/><F125/><W18/><G111/><T128/><D118/><U115/><E115/><V13/><F131/><N who="0" m="50218" /><D113/><U75/><E106/><V127/><F127/><W86/><G68/><T94/><D135/><U110/><E110/><V117/><F117/><W74/><G74/><T91/><D12/><U30/><E45/><V41/><F41/><W129/><G1/><T24/><D104/><U105/><E105/><V57/><F99/><W64/><G132/><T36/><D52/><U93/><E15/><V78/><F57/><W96/><G64/><T35/><D92/><U71/><E58/><V8/><F7/><W83/><G107/><T122/><D122/><U108/><E108/><V21/><F28/><W101/><G129/><T72/><D72/><U65/><E27/><N who="0" m="10281" /><D43/><U37/><E37/><AGARI ba="0,0" hai="34,35,36,37,38,91,94,97" m="10281,50218" machi="37" ten="30,7700,0" yaku="19,1,52,3" doraHai="124" who="0" fromWho="1" sc="224,77,237,-77,302,0,237,0" /><INIT seed="2,0,0,2,4,45" ten="301,160,302,237" oya="2" hai0="3,84,15,98,108,122,60,65,47,48,88,87,118" hai1="121,69,36,95,25,42,71,68,90,99,64,39,18" hai2="12,114,70,79,83,29,53,92,1,58,111,43,134" hai3="97,67,5,54,20,117,13,75,4,27,8,61,82"/><V28/><F114/><W123/><G117/><T76/><D122/><U31/><E121/><V9/><F70/><W37/><G37/><T24/><D3/><U105/><E64/><V101/><F1/><W35/><G123/><T62/><D108/><U19/><E105/><V10/><F134/><W135/><G35/><T133/><D133/><U126/><E126/><V116/><F116/><W72/><G5/><T102/><D76/><U46/><REACH who="1" step="1"/><E39/><REACH who="1" ten="301,150,302,237" step="2"/><V115/><F111/><W93/><G67/><T78/><D65/><U106/><E106/><V104/><F104/><W52/><G135/><T44/><D118/><U63/><E63/><V91/><F115/><W100/><G61/><T80/><D60/><U77/><E77/><V125/><F125/><W113/><G113/><T131/><D62/><U94/><E94/><V86/><F79/><W6/><G82/><T16/><D78/><U33/><AGARI ba="0,1" hai="18,19,25,31,33,36,42,46,68,69,71,90,95,99" machi="33" ten="30,4000,0" yaku="1,1,0,1,53,1" doraHai="45" doraHaiUra="22" who="1" fromWho="1" sc="301,-10,150,50,302,-20,237,-10" /><INIT seed="3,0,0,0,1,12" ten="291,200,282,227" oya="3" hai0="59,134,34,26,99,37,20,22,52,109,73,7,15" hai1="103,39,83,68,16,101,57,31,3,44,85,92,112" hai2="113,51,19,104,42,82,107,81,86,71,54,58,77" hai3="126,23,84,95,79,27,65,48,124,33,123,9,43"/><W25/><G123/><T10/><D73/><U108/><E68/><V67/><F113/><W32/><G65/><T0/><D37/><U5/><E112/><V111/><F111/><W105/><G105/><T114/><D109/><U11/><E108/><V56/><F71/><W78/><G9/><T129/><D114/><U13/><E31/><V72/><F42/><W89/><G43/><T61/><D134/><U55/><E92/><V132/><F132/><W127/><G48/><T66/><D129/><U131/><E131/><V120/><F120/><W30/><REACH who="3" step="1"/><G33/><REACH who="3" ten="291,200,282,217" step="2"/><T98/><D66/><U17/><E39/><V122/><F122/><W60/><G60/><T88/><D34/><U74/><E44/><V46/><F104/><W128/><G128/><T100/><D10/><U45/><E45/><V4/><F107/><W18/><AGARI ba="0,1" hai="18,23,25,27,30,32,78,79,84,89,95,124,126,127" machi="18" ten="30,11700,0" yaku="1,1,0,1,18,1,52,1,53,0" doraHai="12" doraHaiUra="53" who="3" fromWho="3" sc="291,-39,200,-39,282,-39,217,127" /><INIT seed="3,1,0,2,1,134" ten="252,161,243,344" oya="3" hai0="12,23,72,4,99,32,80,108,121,98,29,15,31" hai1="64,105,50,113,66,26,69,38,67,45,19,51,30" hai2="7,25,11,95,49,109,2,130,44,90,61,123,70" hai3="65,89,135,92,78,94,77,96,73,36,97,34,131"/><W52/><G34/><T74/><D121/><U83/><E105/><V47/><F109/><W14/><G36/><T22/><D32/><U101/><E101/><V124/><F130/><W85/><G65/><N who="1" m="25194" /><E19/><V8/><F61/><W0/><G0/><T68/><D68/><U43/><E26/><V117/><F70/><W133/><G131/><T5/><REACH who="0" step="1"/><D80/><REACH who="0" ten="242,161,243,344" step="2"/><U125/><E83/><V110/><F123/><W76/><G133/><T104/><D104/><U107/><E107/><V111/><F111/><AGARI ba="1,1" hai="4,5,12,15,22,23,29,31,72,74,98,99,108,111" machi="111" ten="25,3200,0" yaku="1,1,22,2,53,0" doraHai="134" doraHaiUra="82" who="0" fromWho="2" sc="242,45,161,0,243,-35,344,0" /><INIT seed="4,0,0,0,3,72" ten="287,161,208,344" oya="0" hai0="12,113,79,106,78,74,7,125,40,77,75,129,27" hai1="117,19,47,90,83,95,53,100,81,98,71,124,94" hai2="18,80,16,110,44,66,130,84,109,26,6,119,108" hai3="42,34,115,87,58,49,89,91,5,13,10,32,92"/><T64/><D106/><U36/><E117/><V4/><F119/><W103/><G115/><T133/><D113/><U104/><E124/><V11/><F130/><W99/><G91/><T23/><D125/><U76/><E71/><V63/><F44/><W60/><G49/><T3/><D3/><U68/><E68/><V86/><F26/><W128/><G42/><T31/><D129/><U61/><E19/><V131/><F84/><W54/><REACH who="3" step="1"/><G128/><REACH who="3" ten="287,161,208,334" step="2"/><T101/><D40/><U134/><E90/><V56/><F131/><W51/><G51/><T96/><D133/><U111/><E134/><V57/><F109/><W41/><G41/><T121/><D121/><U21/><E111/><V132/><F132/><W102/><G102/><T1/><D1/><U127/><E100/><V55/><F110/><W33/><G33/><T126/><D126/><U118/><E127/><V50/><F108/><W28/><G28/><T62/><D101/><U65/><E118/><V88/><REACH who="2" step="1"/><F6/><REACH who="2" ten="287,161,198,334" step="2"/><W45/><G45/><T24/><D96/><U30/><E98/><V69/><F69/><W37/><G37/><T38/><D38/><U43/><E47/><V0/><AGARI ba="0,2" hai="0,4,11,16,18,50,55,56,57,63,66,80,86,88" machi="0" ten="20,8000,1" yaku="1,1,0,1,7,1,54,2,53,0" doraHai="72" doraHaiUra="20" who="2" fromWho="2" sc="287,-40,161,-20,198,100,334,-20" /><INIT seed="5,0,0,5,0,61" ten="247,141,298,314" oya="1" hai0="75,54,22,101,134,53,57,19,131,68,42,125,71" hai1="38,69,84,46,56,118,110,26,64,116,107,1,3" hai2="93,55,86,16,33,133,41,51,105,60,100,29,115" hai3="79,5,62,13,121,6,102,95,96,72,44,10,37"/><U73/><E73/><V112/><F105/><W106/><G121/><T87/><D75/><U30/><E56/><V88/><F133/><W104/><G6/><T83/><D42/><N who="1" m="22871" /><E84/><V97/><F41/><W66/><G44/><T124/><D101/><U25/><E25/><V39/><F39/><W7/><G5/><T59/><D134/><U18/><E18/><V15/><F29/><W135/><G37/><T103/><D103/><U43/><E43/><V76/><F76/><W23/><G23/><T9/><D87/><U98/><E110/><V126/><F33/><W48/><G48/><T47/><D47/><U0/><E98/><V12/><F60/><W108/><G108/><T67/><D83/><U34/><E107/><V94/><F126/><W78/><G135/><T35/><D22/><U40/><E40/><V128/><F128/><W24/><G24/><T114/><D19/><U17/><E17/><V109/><F109/><W85/><G72/><T74/><D74/><U117/><E64/><V129/><F129/><W120/><G120/><T127/><D67/><U89/><E89/><V119/><F119/><N who="1" m="30465" /><U21/><DORA hai="81" /><E21/><N who="2" m="11399" /><F15/><W50/><G50/><T91/><D125/><U36/><E36/><V52/><F55/><W123/><G123/><T32/><D91/><U31/><E31/><V77/><F77/><N who="3" m="29195" /><G85/><T113/><D9/><U2/><N who="1" m="0" /><DORA hai="70" /><U11/><E11/><V130/><F130/><AGARI ba="0,0" hai="32,35,53,54,57,59,68,71,113,114,124,127,130,131" machi="130" ten="25,1600,0" yaku="22,2" doraHai="61,81,70" who="0" fromWho="2" sc="247,16,141,0,298,-16,314,0" /><INIT seed="6,0,0,0,0,102" ten="263,141,282,314" oya="2" hai0="116,115,135,120,118,82,29,46,124,89,127,56,134" hai1="95,112,128,60,70,9,39,63,47,71,108,55,10" hai2="45,104,16,53,126,24,15,96,91,98,50,4,100" hai3="33,75,18,122,2,11,107,19,133,64,59,0,129"/><V103/><F126/><N who="0" m="48170" /><D29/><U101/><E108/><V66/><F66/><W94/><G19/><T113/><D46/><U7/><E112/><N who="0" m="43081" /><D56/><U92/><E128/><V62/><F62/><W1/><G18/><T28/><D28/><U117/><E117/><N who="0" m="45161" /><D120/><U125/><E125/><V130/><F130/><W80/><G129/><T31/><D31/><U37/><E101/><V69/><F4/><W74/><G59/><T41/><D41/><U99/><E7/><V42/><F24/><W5/><G5/><T83/><D89/><U81/><E47/><V20/><F91/><W12/><G122/><T36/><D36/><U106/><E55/><V85/><F69/><W38/><G64/><T72/><D72/><U34/><E34/><V17/><F17/><W26/><G75/><T54/><D54/><U44/><E44/><V6/><F6/><W114/><G38/><T93/><D93/><U79/><E39/><V87/><F42/><W51/><G94/><AGARI ba="0,0" hai="15,16,20,45,50,53,85,87,94,96,98,100,103,104" machi="94" ten="30,5800,0" yaku="7,1,52,1,54,1" doraHai="102" who="2" fromWho="3" sc="263,0,141,0,282,58,314,-58" /><INIT seed="6,1,0,3,3,48" ten="263,141,340,256" oya="2" hai0="30,84,122,64,102,58,93,61,112,129,66,110,77" hai1="115,127,126,26,7,104,19,134,16,117,3,72,88" hai2="70,83,109,38,56,90,78,51,54,135,60,74,4" hai3="42,8,45,132,89,27,81,130,106,37,103,11,41"/><V21/><F38/><W40/><G130/><T113/><D110/><U0/><E104/><V25/><F135/><W69/><G69/><T47/><D122/><U105/><E105/><V10/><F109/><W71/><G71/><T118/><D118/><U1/><E72/><V131/><F131/><W123/><G123/><T2/><D2/><N who="1" m="1131" /><E88/><V96/><F90/><W76/><G27/><T28/><D64/><U63/><E63/><V91/><F91/><W20/><G20/><T46/><D77/><U111/><E111/><V34/><F34/><W121/><G11/><T67/><D84/><U108/><E108/><V101/><F10/><W13/><G132/><T86/><D86/><U53/><E53/><V99/><F4/><W87/><G89/><T97/><D66/><U52/><E52/><V73/><F73/><W5/><G121/><T22/><D129/><U79/><E79/><V36/><F36/><W18/><G18/><N who="1" m="6698" /><E134/><V75/><F75/><W124/><G103/><T23/><D46/><U100/><E100/><V116/><F101/><W6/><G106/><T55/><D47/><U82/><E82/><V80/><F80/><W9/><G45/><T12/><D67/><U65/><E65/><V39/><F39/><W57/><G57/><T95/><D95/><U128/><E117/><V59/><F116/><W50/><G50/><T125/><D102/><U120/><E128/><V133/><F70/><W92/><G92/><T98/><D93/><U17/><E120/><V32/><F133/><W68/><G68/><T24/><D58/><U43/><E43/><N who="3" m="11010" /><W44/><DORA hai="62" /><G124/><RYUUKYOKU ba="1,0" sc="263,0,141,0,340,0,256,0" /><INIT seed="7,2,0,2,5,11" ten="263,141,340,256" oya="3" hai0="67,113,118,39,61,131,60,69,57,111,85,64,90" hai1="58,114,106,70,124,27,28,71,45,108,100,95,59" hai2="54,74,97,52,112,6,47,34,115,119,103,23,129" hai3="29,93,66,4,84,24,126,44,49,50,25,80,20"/><W43/><G126/><T36/><D111/><U77/><E108/><V19/><F119/><W12/><G66/><T0/><D118/><U62/><E114/><N who="2" m="43563" /><F34/><W22/><G93/><T78/><D0/><U40/><E124/><V32/><F32/><W123/><G123/><T16/><D113/><U120/><E120/><V75/><F6/><W13/><G4/><T1/><D78/><U83/><E106/><V102/><F102/><W81/><G50/><T7/><D131/><U42/><E59/><V128/><F75/><W53/><G43/><T86/><D86/><U89/><E71/><V55/><F74/><W91/><G80/><T8/><D16/><AGARI ba="2,0" hai="12,13,16,20,22,24,25,29,44,49,53,81,84,91" machi="16" ten="30,12000,1" yaku="7,1,8,1,52,2,54,1" doraHai="11" who="3" fromWho="0" sc="263,-126,141,0,340,0,256,126" owari="137,-36.0,141,-26.0,340,14.0,382,48.0" /></mjloggm>