<mjloggm ver="2.3"><GO type="169" lobby="0"/><UN n0="%53%61%6F%2D%48%7A%78" n1="%E3%83%AA%E3%83%84%E3%83%9F%E3%82%B5%E3%83%B3" n2="%43%E3%82%A8%E3%83%BC%E3%82%B8%E3%82%A7%E3%83%B3%E3%83%88" n3="%6C%75%6E%61%32%33%34%35" dan="16,18,16,17" rate="2111.49,2239.10,2069.49,2127.73" sx="F,M,M,F"/><TAIKYOKU oya="0"/><INIT seed="0,0,0,1,4,82" ten="250,250,250,250" oya="0" hai0="28,106,16,71,8,49,23,128,0,4,46,110,32" hai1="11,42,119,12,112,52,27,96,80,92,134,86,53" hai2="99,130,45,79,41,7,97,36,83,66,30,102,62" hai3="31,51,72,60,91,13,125,75,55,48,121,123,133"/><T77/><D71/><U132/><E119/><V111/><F111/><W70/><G125/><T117/><D117/><U3/><E3/><V63/><F130/><W58/><G133/><N who="1" m="51306" /><E27/><V47/><F7/><W73/><G31/><T118/><D106/><U84/><E42/><V127/><F127/><W34/><G34/><T20/><D118/><U101/><E112/><V64/><F30/><W65/><G13/><T18/><D77/><N who="1" m="46095" /><E86/><V95/><F45/><W35/><G35/><T107/><D107/><U14/><E14/><V81/><F81/><W59/><G91/><T104/><D104/><U61/><E61/><V129/><F99/><W22/><G22/><T50/><D128/><U56/><E56/><V126/><F129/><W2/><G2/><T29/><D110/><U15/><E15/><V9/><F9/><W115/><G115/><T94/><D32/><U98/><E96/><V68/><F126/><W131/><G131/><T44/><D0/><U88/><E101/><V40/><F40/><W39/><G39/><T1/><D1/><U109/><E109/><V116/><F116/><W90/><G90/><T17/><D8/><U67/><E67/><V122/><F83/><W25/><G25/><T74/><D17/><AGARI ba="0,0" hai="11,12,17,52,53,88,92,98" m="46095,51306" machi="17" ten="30,7700,0" yaku="20,1,52,1,54,2" doraHai="82" who="1" fromWho="0" sc="250,-77,250,77,250,0,250,0" /><INIT seed="1,0,0,0,4,22" ten="173,327,250,250" oya="1" hai0="9,12,129,8,56,116,120,124,48,32,76,35,52" hai1="88,4,33,111,57,132,91,68,104,45,54,60,92" hai2="89,17,105,90,133,86,42,96,99,37,47,131,23" hai3="5,72,126,80,53,14,81,123,15,70,121,115,84"/><U63/><E104/><V98/><F133/><W97/><G115/><T6/><D116/><U125/><E132/><V66/><F131/><W38/><G38/><T74/><D129/><U118/><E125/><V55/><F66/><W134/><G134/><T95/><D124/><U117/><E33/><V130/><F130/><W25/><G126/><T0/><D120/><U64/><E4/><V28/><F28/><W65/><G72/><T79/><D95/><U75/><E75/><V93/><F55/><W135/><G135/><T77/><REACH who="0" step="1"/><D74/><REACH who="0" ten="163,327,250,250" step="2"/><U67/><E118/><V122/><F122/><W102/><G121/><T29/><D29/><U69/><E117/><V51/><F105/><W30/><G30/><T40/><D40/><U24/><E111/><V83/><REACH who="2" step="1"/><F37/><REACH who="2" ten="163,327,240,250" step="2"/><W36/><G36/><T50/><D50/><U58/><E69/><V107/><F107/><W119/><G70/><T128/><D128/><U85/><E68/><V62/><F62/><W21/><G119/><T13/><D13/><AGARI ba="0,2" hai="13,17,23,42,47,51,83,86,89,90,93,96,98,99" machi="13" ten="30,3900,0" yaku="1,1,7,1,8,1,53,0" doraHai="22" doraHaiUra="26" who="2" fromWho="0" sc="163,-39,327,0,240,59,250,0" /><INIT seed="2,0,0,0,0,12" ten="124,327,299,250" oya="2" hai0="101,13,92,134,62,119,25,129,93,103,51,37,42" hai1="35,106,102,116,20,105,110,64,67,38,8,84,56" hai2="9,16,7,128,33,6,115,50,31,40,117,91,97" hai3="10,29,59,47,83,23,99,109,53,0,73,24,46"/><V71/><F128/><W131/><G109/><T5/><D37/><U87/><E38/><V1/><F115/><W126/><G131/><T57/><D129/><U111/><E102/><V69/><F117/><W48/><G126/><T114/><D114/><U27/><E35/><V125/><F125/><W88/><G73/><T80/><D134/><U61/><E116/><V2/><F97/><W68/><G68/><T108/><D108/><N who="1" m="41515" /><E8/><V86/><F31/><W21/><G23/><T89/><D119/><U124/><E67/><V22/><F33/><W32/><G32/><T123/><D123/><U122/><E122/><V100/><F100/><W30/><G30/><T43/><D25/><U104/><E124/><V58/><F6/><W60/><G48/><T65/><D103/><U72/><E72/><V94/><F1/><W44/><G0/><T98/><D80/><U11/><E11/><V82/><F82/><W55/><G10/><T127/><D127/><U107/><E107/><V132/><F132/><W85/><G99/><T34/><D34/><U28/><AGARI ba="0,0" hai="20,27,28,56,61,64,84,87,104,105,106" m="41515" machi="28" ten="40,1500,0" yaku="14,1" doraHai="12" who="1" fromWho="1" sc="124,-4,327,15,299,-7,250,-4" /><INIT seed="3,0,0,4,0,26" ten="120,342,292,246" oya="3" hai0="102,77,131,52,122,73,129,66,126,22,70,28,65" hai1="116,30,44,106,93,59,7,50,101,79,80,81,51" hai2="42,96,121,75,82,68,0,120,134,18,71,104,3" hai3="54,112,88,91,89,60,125,27,62,40,25,90,45"/><W63/><G112/><T43/><D122/><N who="2" m="47210" /><F18/><W111/><G125/><T86/><D73/><U47/><E106/><V2/><F42/><W53/><G111/><T98/><D126/><U84/><E7/><V119/><F134/><W99/><G25/><N who="0" m="16439" /><D43/><U17/><E17/><V36/><F36/><W8/><G8/><T115/><D115/><U64/><E101/><N who="2" m="62503" /><F119/><W85/><G99/><T5/><D5/><U4/><E64/><V9/><F9/><W29/><N who="3" m="22528" /><DORA hai="103" /><W24/><G24/><T124/><D124/><U94/><E59/><V10/><F10/><W37/><REACH who="3" step="1"/><G85/><REACH who="3" ten="120,342,292,236" step="2"/><T114/><D114/><U39/><E84/><V87/><F87/><W1/><G1/><T109/><D109/><U132/><E116/><V130/><F130/><W46/><G46/><T49/><D129/><U33/><E47/><V14/><F14/><W107/><G107/><T32/><D131/><U95/><E44/><V76/><AGARI ba="0,1" hai="0,2,3,68,71,75,76,82" m="62503,47210" machi="76" ten="40,5200,0" yaku="13,1,23,1,52,1" doraHai="26,103" who="2" fromWho="2" sc="120,-13,342,-13,292,62,236,-26" /><INIT seed="4,0,0,4,5,34" ten="107,329,354,210" oya="0" hai0="106,32,96,84,95,59,13,86,3,51,104,109,128" hai1="115,21,1,28,132,65,11,40,22,119,130,52,82" hai2="68,127,88,69,81,83,120,67,123,0,134,110,14" hai3="29,15,8,37,39,91,23,99,112,126,56,45,2"/><T16/><D32/><U125/><E65/><V93/><F110/><W102/><G112/><T100/><D109/><U18/><E40/><V33/><F33/><W24/><G126/><T77/><D128/><U19/><E119/><V31/><F31/><W54/><G91/><T38/><D38/><U63/><E132/><V5/><F127/><W64/><G64/><T87/><D77/><U10/><E130/><V92/><F14/><W85/><G85/><T47/><D59/><U78/><E28/><V98/><F67/><W30/><G30/><T94/><D106/><U20/><E115/><V108/><F108/><W36/><G2/><T105/><D105/><U89/><E89/><V71/><F93/><W70/><G70/><T133/><D133/><U122/><E122/><V26/><F26/><W129/><G129/><T121/><D121/><U25/><E21/><V90/><F83/><W44/><G54/><T42/><REACH who="0" step="1"/><D3/><REACH who="0" ten="97,329,354,210" step="2"/><U113/><E1/><V41/><F134/><W79/><G79/><T4/><D4/><U135/><E135/><V53/><F5/><W9/><G56/><T97/><D97/><U58/><E125/><V107/><F0/><W35/><G35/><T117/><D117/><U61/><E113/><V74/><F107/><W50/><G36/><T124/><D124/><U76/><E76/><V116/><F116/><W57/><G37/><T7/><D7/><U118/><E118/><V111/><F120/><W43/><G57/><T131/><D131/><U101/><E63/><V49/><F123/><W114/><G114/><T17/><D17/><U12/><E19/><RYUUKYOKU ba="0,1" sc="97,30,329,-10,354,-10,210,-10" hai0="13,16,42,47,51,84,86,87,94,95,96,100,104" /><INIT seed="4,1,1,2,4,85" ten="127,319,344,200" oya="0" hai0="68,44,102,86,66,71,98,34,107,39,38,88,75" hai1="37,100,56,42,48,64,5,11,92,40,51,133,112" hai2="74,84,79,10,131,73,13,2,27,128,77,132,108" hai3="17,91,111,110,29,30,78,123,4,69,53,94,26"/><T126/><D75/><U46/><E133/><V23/><F108/><W70/><G78/><N who="2" m="29705" /><F2/><W59/><G4/><T89/><D71/><U81/><E112/><V61/><F61/><W41/><G41/><T135/><D135/><U118/><E81/><V76/><F76/><W0/><G0/><T24/><D126/><U96/><E118/><V130/><F84/><W18/><G123/><T60/><D44/><U45/><E64/><V99/><F99/><W83/><G83/><T54/><D54/><U95/><E56/><V93/><F93/><W121/><G121/><T35/><D35/><U57/><E57/><V115/><F115/><W32/><G30/><N who="0" m="19783" /><D86/><U104/><REACH who="1" step="1"/><E37/><AGARI ba="1,1" hai="37,38,39,60,66,68,88,89,98,102,107" m="19783" machi="37" ten="30,11600,0" yaku="25,1,52,2,54,1" doraHai="85" who="0" fromWho="1" sc="127,129,319,-119,344,0,200,0" /><INIT seed="4,2,0,5,3,4" ten="256,200,344,200" oya="0" hai0="109,92,134,63,43,6,22,61,125,49,57,39,124" hai1="50,56,41,33,11,91,64,95,135,18,27,88,45" hai2="7,123,55,119,120,2,44,24,51,126,16,38,5" hai3="114,90,34,60,86,47,31,130,108,106,77,70,111"/><T71/><D6/><U42/><E135/><V93/><F126/><N who="0" m="48746" /><D92/><U96/><E33/><V36/><F119/><W85/><G114/><T58/><D22/><U10/><E42/><V128/><F128/><W19/><G130/><T82/><D82/><U102/><E64/><V53/><F93/><W129/><G129/><T127/><D134/><U112/><E112/><V59/><F36/><W25/><G106/><T110/><D39/><U12/><E56/><N who="0" m="21609" /><D127/><U117/><E117/><V121/><F38/><W115/><G115/><T54/><D43/><U65/><E65/><V80/><F80/><W107/><G107/><T15/><D15/><N who="1" m="7543" /><E27/><V66/><F66/><N who="3" m="41287" /><G108/><N who="0" m="41579" /><D71/><U133/><E133/><V35/><F35/><W48/><G111/><T100/><D100/><U14/><E14/><V1/><F1/><W28/><G25/><T40/><D40/><U62/><E62/><V104/><F104/><W68/><G68/><T103/><D103/><U30/><E30/><V74/><F2/><W113/><G31/><T20/><D20/><U21/><E21/><V89/><F120/><W37/><G37/><T122/><D122/><U32/><E32/><V98/><F121/><W76/><G28/><T81/><D81/><U132/><E132/><V101/><F123/><W116/><G34/><T105/><D105/><U3/><E3/><V17/><F101/><W72/><G113/><T97/><D97/><U29/><E29/><V99/><F99/><W73/><G116/><T79/><D79/><U118/><E118/><V46/><F98/><W67/><G77/><T131/><D131/><U52/><E41/><RYUUKYOKU ba="2,0" sc="256,15,200,15,344,-15,200,-15" hai0="49,54,61,63" hai1="11,12,45,50,52,88,91,95,96,102" /><INIT seed="4,3,0,5,3,118" ten="271,215,329,185" oya="0" hai0="20,21,48,67,90,45,71,85,17,93,73,46,22" hai1="97,18,54,11,122,8,5,61,121,0,56,131,53" hai2="44,74,31,6,120,14,92,113,99,15,19,104,76" hai3="16,115,28,91,123,119,37,134,124,12,103,105,41"/><T50/><D73/><U110/><E110/><V42/><F113/><W32/><G119/><T24/><D71/><U52/><E131/><V100/><F31/><W64/><G115/><T23/><REACH who="0" step="1"/><D67/><REACH who="0" ten="261,215,329,185" step="2"/><U81/><E81/><V108/><F74/><W72/><G64/><T111/><D111/><U29/><E29/><V80/><F108/><W40/><G72/><T65/><D65/><U49/><E97/><V4/><F80/><W38/><G28/><T82/><D82/><U135/><E135/><V116/><F116/><W125/><G134/><T101/><D101/><U34/><E34/><V10/><F76/><W106/><G103/><T107/><D107/><U57/><REACH who="1" step="1"/><E54/><REACH who="1" ten="261,205,329,185" step="2"/><V36/><F99/><W66/><G32/><T27/><D27/><U55/><E55/><V128/><F128/><W129/><G129/><T98/><D98/><U86/><E86/><V68/><F100/><W83/><G83/><T130/><D130/><U63/><E63/><V30/><F30/><W3/><G66/><T77/><D77/><U51/><E51/><AGARI ba="3,2" hai="17,20,21,22,23,24,45,46,48,50,51,85,90,93" machi="51" ten="40,3900,0" yaku="1,1,8,1,53,0" doraHai="118" doraHaiUra="60" who="0" fromWho="1" sc="261,68,205,-48,329,0,185,0" /><INIT seed="4,4,0,3,0,113" ten="329,157,329,185" oya="0" hai0="64,134,78,7,70,80,103,52,38,48,135,4,45" hai1="17,82,129,66,101,117,81,51,9,93,40,39,29" hai2="106,71,53,84,0,19,50,127,89,22,14,1,83" hai3="62,33,130,58,109,105,43,35,124,95,59,6,114"/><T46/><D103/><U47/><E129/><V67/><F127/><W21/><G109/><T5/><D70/><U60/><E29/><V104/><F67/><W87/><G105/><T26/><D64/><U11/><E39/><V131/><F71/><W99/><G43/><T27/><D38/><U102/><E102/><V13/><F131/><W25/><G114/><T122/><D122/><U115/><E115/><V34/><F34/><W133/><G133/><N who="0" m="50699" /><D45/><U31/><E31/><V74/><F74/><AGARI ba="4,0" hai="4,5,7,26,27,46,48,52,74,78,80" m="50699" machi="74" ten="30,2900,0" yaku="20,1,54,1" doraHai="113" who="0" fromWho="2" sc="329,41,157,0,329,-41,185,0" /><INIT seed="4,5,0,2,0,45" ten="370,157,288,185" oya="0" hai0="101,39,85,75,71,117,78,2,126,111,16,107,53" hai1="61,130,0,54,121,114,33,110,82,122,58,116,40" hai2="8,131,96,26,84,37,102,104,36,115,11,87,10" hai3="65,46,72,97,13,12,128,133,91,70,76,83,38"/><T95/><D71/><U93/><E33/><V132/><F115/><W18/><G133/><T90/><D2/><U63/><E0/><V51/><F132/><W24/><G128/><T4/><D4/><U106/><E106/><V105/><F105/><W48/><G38/><T21/><D39/><U49/><E110/><V23/><F131/><W127/><G127/><T113/><D117/><U74/><E130/><V56/><F37/><W22/><G65/><T19/><D113/><U3/><E3/><V79/><F36/><W44/><G70/><T100/><D126/><U60/><E116/><V43/><F79/><W1/><G1/><T41/><D41/><U31/><E31/><V6/><F6/><W34/><G34/><T81/><D111/><U30/><E30/><V50/><F56/><W9/><G44/><T42/><D42/><U69/><E114/><V59/><F59/><W73/><G73/><T94/><D94/><U77/><E40/><V57/><F57/><W62/><G62/><T98/><D101/><U89/><REACH who="1" step="1"/><E69/><REACH who="1" ten="370,147,288,185" step="2"/><V27/><F43/><W135/><G135/><T35/><D35/><U55/><E55/><V52/><F52/><W119/><G119/><T5/><D53/><U124/><E124/><V28/><REACH who="2" step="1"/><F27/><REACH who="2" ten="370,147,278,185" step="2"/><W29/><G24/><T103/><D107/><U112/><E112/><V118/><F118/><W7/><G46/><T109/><D109/><U123/><E123/><V134/><F134/><W108/><G108/><T129/><D129/><U80/><E80/><V68/><F68/><W14/><G83/><T125/><D125/><U120/><E120/><RYUUKYOKU ba="5,2" sc="370,-15,147,15,278,15,185,-15" hai1="49,54,58,60,61,63,74,77,82,89,93,121,122" hai2="8,10,11,23,26,28,50,51,84,87,96,102,104" /><INIT seed="5,6,2,5,3,121" ten="355,162,293,170" oya="1" hai0="124,41,93,72,112,21,17,52,58,98,43,130,70" hai1="83,126,106,62,13,57,38,91,101,81,55,69,1" hai2="102,115,105,11,85,132,49,65,133,9,66,8,59" hai3="30,27,15,73,92,22,67,116,104,82,129,56,96"/><U34/><E1/><V113/><F85/><W10/><G129/><T31/><D72/><U42/><E34/><V110/><F110/><W100/><G116/><T125/><D70/><U14/><E126/><N who="0" m="48745" /><D112/><N who="2" m="43082" /><F102/><W78/><G56/><T71/><D31/><U74/><E69/><V7/><F105/><W117/><G117/><T50/><D71/><U2/><E2/><V29/><F29/><W86/><G67/><N who="2" m="25609" /><F7/><W51/><G51/><T107/><D107/><U88/><E101/><V131/><F131/><W44/><G44/><T39/><D39/><U37/><E106/><V47/><F59/><W77/><G77/><T80/><D80/><U123/><E123/><V60/><F60/><W128/><G128/><T24/><D130/><U61/><E57/><V45/><F45/><W97/><G97/><T89/><AGARI ba="6,2" hai="17,21,24,41,43,50,52,58,89,93,98" m="48745" machi="89" ten="30,2000,0" yaku="18,1,54,1" doraHai="121" who="0" fromWho="0" sc="355,58,162,-16,293,-11,170,-11" /><INIT seed="6,0,0,2,4,119" ten="413,146,282,159" oya="2" hai0="133,46,96,90,114,81,37,27,103,16,116,17,26" hai1="130,60,55,31,65,128,54,36,15,129,5,109,41" hai2="68,113,42,0,61,79,57,126,62,132,6,93,67" hai3="52,110,23,95,94,82,21,58,124,64,70,77,14"/><V2/><F113/><W7/><G110/><T72/><D114/><U59/><E31/><V80/><F132/><W73/><G124/><T4/><D133/><U66/><E109/><V122/><F126/><W123/><G123/><T107/><D4/><U45/><E5/><V97/><F42/><W13/><G70/><T85/><D116/><U12/><E12/><V75/><F122/><W125/><G64/><T24/><D72/><U43/><E15/><V91/><REACH who="2" step="1"/><F6/><REACH who="2" ten="413,146,272,159" step="2"/><W87/><G7/><T1/><D1/><U127/><E127/><V69/><F69/><W98/><G125/><T92/><D37/><U86/><E43/><V102/><F102/><W131/><G131/><T32/><D103/><U22/><E22/><V121/><F121/><W51/><G21/><T120/><D120/><U25/><E25/><V39/><F39/><W74/><G23/><T83/><D27/><U10/><E10/><V88/><F88/><N who="3" m="55623" /><G13/><T38/><D26/><U3/><E3/><V89/><F89/><W33/><G14/><T104/><D24/><U101/><E101/><V76/><F76/><W35/><G33/><T115/><D32/><U106/><E106/><V29/><F29/><W40/><G35/><T44/><D107/><U48/><E86/><V84/><F84/><N who="3" m="48207" /><G40/><T117/><D104/><U30/><E30/><V99/><F99/><W50/><G73/><T108/><D96/><U8/><E8/><V56/><F56/><AGARI ba="0,1" hai="36,41,45,48,54,55,56,59,60,65,66,128,129,130" machi="56" ten="40,8000,1" yaku="19,1,34,3" doraHai="119" who="1" fromWho="2" sc="413,0,146,90,272,-80,159,0" /><INIT seed="7,0,0,2,0,71" ten="413,236,192,159" oya="3" hai0="53,36,50,133,83,38,106,26,87,27,129,88,0" hai1="114,93,37,46,92,5,2,79,13,85,63,4,62" hai2="43,10,30,7,70,78,42,32,108,86,41,57,60" hai3="107,113,20,56,64,123,40,9,34,44,8,132,35"/><W112/><G123/><T77/><D0/><U51/><E37/><V11/><F70/><W94/><G107/><T126/><D106/><U29/><E29/><V103/><F103/><W75/><G75/><T97/><D133/><U135/><E2/><V100/><F100/><W90/><G132/><T12/><D129/><U14/><E114/><N who="3" m="44138" /><G20/><T105/><D126/><U80/><E14/><V49/><F108/><W25/><G64/><T52/><D53/><U33/><E33/><N who="3" m="12298" /><G56/><T23/><D105/><U48/><E48/><V81/><F49/><N who="3" m="26759" /><G25/><T110/><D27/><U68/><E68/><V59/><F30/><W28/><G28/><T89/><D23/><U76/><E63/><V45/><F32/><W82/><G82/><T95/><D26/><U98/><E62/><V131/><F131/><W127/><G127/><T69/><D69/><U102/><E135/><V115/><F115/><W18/><G18/><T130/><D130/><U15/><E51/><V1/><F10/><W22/><G22/><T39/><D110/><U3/><E46/><V73/><F59/><W101/><G101/><T66/><D66/><U58/><E58/><V116/><F116/><W61/><G61/><T120/><D120/><U74/><E92/><V19/><F19/><W65/><G65/><T128/><D128/><U55/><E55/><N who="2" m="33855" /><F73/><W21/><G21/><T31/><D31/><U124/><E124/><V99/><F45/><W121/><G121/><T96/><D95/><U84/><E74/><V119/><F119/><W117/><G117/><T24/><D24/><U104/><E104/><V111/><F111/><RYUUKYOKU ba="0,0" sc="413,-15,236,-15,192,15,159,15" hai2="1,7,11,41,42,43,78,81,86,99" hai3="8,9,90,94" /><INIT seed="7,1,0,5,3,90" ten="398,221,207,174" oya="3" hai0="119,115,47,45,95,98,106,66,1,117,49,50,92" hai1="38,78,88,39,15,86,124,33,10,111,85,28,27" hai2="54,18,89,36,22,12,102,51,123,87,118,35,19" hai3="91,41,112,80,30,77,11,82,113,25,68,3,56"/><W37/><G68/><T120/><D1/><U42/><E111/><V29/><F118/><W97/><G56/><T58/><D106/><U67/><E67/><V99/><F36/><W81/><G77/><T34/><D34/><U126/><E78/><V57/><F18/><W7/><G37/><N who="1" m="13834" /><E88/><V129/><F129/><W43/><G97/><T69/><D115/><N who="3" m="44105" /><G91/><T59/><D98/><U48/><E48/><V46/><F123/><W8/><G11/><T20/><D69/><U2/><E42/><V32/><F29/><W13/><G3/><T62/><D120/><U108/><E108/><V83/><REACH who="2" step="1"/><F46/><REACH who="2" ten="398,221,197,174" step="2"/><W131/><G131/><T110/><D45/><U9/><E28/><V63/><F63/><W17/><G17/><T5/><D62/><U40/><E126/><V61/><F61/><W64/><G64/><T116/><D66/><U109/><E124/><V60/><F60/><W101/><G101/><T105/><D47/><U84/><E109/><V76/><F76/><W4/><G4/><T96/><D5/><U73/><E9/><V93/><AGARI ba="1,1" hai="12,19,22,32,35,51,54,57,83,87,89,93,99,102" machi="93" ten="20,5200,0" yaku="1,1,0,1,7,1,52,1,53,0" doraHai="90" doraHaiUra="122" who="2" fromWho="2" sc="398,-14,221,-14,197,65,174,-27" owari="384,48.0,207,-19.0,262,6.0,147,-35.0" /></mjloggm>