<mjloggm ver="2.3"><GO type="169" lobby="0"/><UN n0="%69%54%65%6E%68%6F%75" n1="%E3%81%AA%E3%81%88%E3%81%A8%E3%82%8B" n2="%E4%B8%8A%E6%B5%B7%E3%83%8B%E3%83%83%E3%82%AF" n3="%4B%2D%4D%2D%42" dan="16,16,16,16" rate="2186.07,2078.70,2104.19,2086.42" sx="M,M,M,M"/><TAIKYOKU oya="0"/><INIT seed="0,0,0,5,0,99" ten="250,250,250,250" oya="0" hai0="88,108,67,85,3,1,64,78,2,97,69,25,26" hai1="17,87,82,102,133,134,131,0,5,42,53,21,33" hai2="47,43,98,4,34,94,62,92,71,18,115,29,130" hai3="52,38,132,100,103,60,27,70,104,31,57,86,32"/><T65/><D69/><U106/><E33/><V125/><F115/><W49/><G38/><T83/><D108/><U76/><E42/><V118/><F130/><W80/><G132/><N who="1" m="50794" /><E131/><V12/><F125/><W11/><G104/><T110/><D110/><U123/><E123/><V105/><F4/><W124/><G124/><T39/><D39/><U135/><E53/><V101/><F118/><W50/><G11/><T122/><D122/><U28/><E28/><V8/><F29/><W55/><G70/><T112/><D112/><U129/><E129/><V68/><F34/><W58/><G60/><T96/><REACH who="0" step="1"/><D78/><AGARI ba="0,0" hai="27,31,32,49,50,52,55,57,58,78,80,86,100,103" machi="78" ten="30,8000,1" yaku="7,1,9,1,52,2,54,1" doraHai="99" who="3" fromWho="0" sc="250,-80,250,0,250,0,250,80" /><INIT seed="1,0,0,5,0,57" ten="170,250,250,330" oya="1" hai0="34,29,46,3,72,55,133,94,22,78,97,125,124" hai1="70,48,47,98,43,113,77,11,16,82,89,132,129" hai2="101,50,66,92,56,23,123,8,12,31,10,40,96" hai3="37,52,18,104,128,0,79,74,99,116,86,119,114"/><U36/><E113/><V106/><F123/><W59/><G37/><T117/><D117/><N who="3" m="45129" /><G114/><T95/><D3/><U25/><E129/><V121/><F121/><W2/><G74/><T53/><D34/><U100/><E132/><V75/><F75/><W38/><G38/><T126/><D133/><U108/><E70/><V110/><F110/><W84/><G128/><T5/><D5/><U134/><E134/><V15/><F106/><W9/><G18/><T1/><D1/><N who="3" m="617" /><G9/><N who="2" m="3689" /><F40/><W41/><G79/><T107/><D46/><U69/><E36/><V61/><F50/><N who="3" m="31127" /><G41/><T83/><D22/><U21/><E11/><V30/><F30/><W118/><N who="3" m="45137" /><W91/><DORA hai="17" /><G91/><T93/><REACH who="0" step="1"/><D29/><REACH who="0" ten="160,250,250,330" step="2"/><U115/><E115/><V105/><F105/><W28/><G28/><T73/><D73/><U58/><E21/><V109/><F109/><W24/><G24/><AGARI ba="0,1" hai="12,15,23,24,31,56,61,66,92,96,101" m="3689" machi="24" ten="30,7700,0" yaku="25,1,8,1,52,2" doraHai="57,17" who="2" fromWho="3" sc="160,0,250,0,250,87,330,-77" /><INIT seed="2,0,0,0,4,66" ten="160,250,337,253" oya="2" hai0="60,54,61,65,135,50,24,47,86,48,85,13,119" hai1="134,36,37,130,59,56,108,125,89,106,12,69,6" hai2="19,34,63,117,104,23,57,46,78,122,62,51,58" hai3="32,129,68,82,84,35,5,53,74,70,10,17,121"/><V31/><F117/><W75/><G121/><T71/><D119/><U87/><E108/><V26/><F122/><W88/><G129/><T123/><D123/><U16/><E130/><V25/><F104/><W9/><G75/><T107/><D107/><U103/><E134/><V100/><F100/><W83/><G53/><T22/><D135/><U30/><E30/><V40/><REACH who="2" step="1"/><F78/><REACH who="2" ten="160,250,327,253" step="2"/><W93/><G35/><T128/><D128/><U79/><E79/><V95/><F95/><W18/><G32/><T115/><D115/><U97/><E106/><V64/><F64/><W3/><G93/><T96/><D96/><U72/><E103/><V114/><F114/><W94/><G94/><T2/><D65/><U15/><E97/><V42/><F42/><W98/><G98/><T52/><D85/><U33/><E87/><V91/><F91/><W29/><G83/><T105/><D86/><U92/><E89/><V131/><F131/><W44/><G82/><T132/><D105/><U77/><E92/><V7/><F7/><W1/><G5/><T127/><D132/><U111/><E77/><V124/><F124/><W45/><G84/><T55/><D127/><U0/><E125/><V49/><F49/><W27/><G88/><T41/><D50/><U39/><E6/><V112/><F112/><W81/><G81/><T21/><D48/><U116/><E37/><V67/><F67/><W28/><G74/><T126/><D126/><U109/><E39/><V20/><F20/><W38/><G38/><T80/><D41/><U11/><E36/><V4/><F4/><W90/><G90/><RYUUKYOKU ba="0,1" sc="160,-15,250,-15,327,15,253,15" hai2="19,23,25,26,31,34,40,46,51,57,58,62,63" hai3="1,3,9,10,17,18,27,28,29,44,45,68,70" /><INIT seed="2,1,1,1,3,15" ten="145,235,342,268" oya="2" hai0="111,70,101,98,21,127,47,29,65,45,3,106,59" hai1="79,117,23,61,113,82,88,39,108,58,11,50,84" hai2="51,134,93,7,28,68,86,118,81,5,8,4,133" hai3="42,102,74,64,37,54,6,123,12,104,124,31,66"/><V135/><F118/><W129/><G123/><T114/><D111/><U97/><E113/><V122/><F122/><W96/><G124/><T116/><D114/><U41/><E117/><V78/><F68/><W72/><G129/><T60/><D116/><U25/><E108/><V55/><F28/><W43/><G31/><T33/><D127/><U34/><E34/><V38/><F38/><W22/><G54/><T128/><D128/><U87/><E39/><V132/><N who="2" m="33792" /><DORA hai="44" /><V77/><F93/><W105/><G6/><T75/><D75/><U92/><E11/><V126/><F126/><W110/><G110/><T107/><D107/><U120/><E120/><V112/><F112/><W115/><G37/><T99/><D99/><U49/><E41/><V125/><F125/><W18/><G105/><T57/><D3/><U109/><E87/><V9/><REACH who="2" step="1"/><F78/><REACH who="2" ten="145,235,332,268" step="2"/><W76/><G115/><T85/><D70/><U27/><E109/><V130/><F130/><W100/><G76/><T40/><D29/><N who="1" m="17599" /><E27/><V71/><F71/><W30/><G30/><T94/><D94/><U91/><E79/><V13/><F13/><W16/><G12/><T19/><D33/><U14/><E14/><V35/><F35/><W36/><G104/><T2/><D2/><U0/><E0/><V46/><AGARI ba="1,2" hai="4,5,7,8,9,46,51,55,77,81,86" m="33792" machi="46" ten="60,12000,1" yaku="1,1,0,1,20,1,52,1,53,1" doraHai="15,44" doraHaiUra="53,48" who="2" fromWho="2" sc="145,-41,235,-41,332,143,268,-41" /><INIT seed="2,2,0,0,3,20" ten="104,194,475,227" oya="2" hai0="59,108,22,87,26,0,14,40,21,89,93,10,113" hai1="116,102,94,91,43,1,76,107,13,63,70,83,52" hai2="24,99,28,8,30,47,6,72,103,9,65,55,45" hai3="105,69,61,38,79,3,121,19,5,58,25,120,27"/><V66/><F72/><W129/><G69/><T135/><D108/><U122/><E1/><V12/><F30/><W134/><G105/><T77/><D135/><U39/><E116/><V124/><F124/><W84/><G38/><T16/><D113/><U53/><E39/><V114/><F114/><W51/><G134/><T37/><D77/><U56/><E43/><V112/><F112/><W36/><G36/><T125/><D125/><U78/><E70/><V97/><F9/><W86/><G19/><T54/><D0/><U42/><E42/><V7/><F7/><W60/><G3/><T33/><D40/><U35/><E35/><V133/><F99/><W132/><G132/><T109/><D109/><U67/><E107/><V115/><F133/><W41/><G41/><T117/><D117/><U92/><E13/><V100/><F100/><W88/><G51/><N who="0" m="31199" /><D33/><U81/><E102/><V71/><F71/><W31/><G79/><N who="1" m="30250" /><E94/><V74/><F74/><W118/><G118/><T73/><D73/><U62/><E122/><V48/><F45/><W110/><G110/><T127/><D127/><U32/><E32/><V15/><F115/><W96/><G121/><T128/><D37/><U119/><E63/><V104/><F15/><W57/><G120/><T82/><D128/><U126/><E126/><V2/><F2/><W85/><G129/><T64/><D64/><U17/><E119/><V98/><F98/><W130/><G130/><T131/><D131/><U75/><E75/><V34/><AGARI ba="2,0" hai="6,8,12,24,28,34,47,48,55,65,66,97,103,104" machi="34" ten="20,3900,0" yaku="0,1,7,1,52,1" doraHai="20" who="2" fromWho="2" sc="104,-15,194,-15,475,45,227,-15" /><INIT seed="2,3,0,2,2,107" ten="89,179,520,212" oya="2" hai0="113,70,9,62,125,6,100,72,26,14,44,109,80" hai1="8,66,116,68,15,91,103,48,59,95,21,13,88" hai2="31,34,67,99,11,28,101,98,30,128,133,5,17" hai3="79,119,94,75,111,52,36,69,110,115,22,47,123"/><V58/><F128/><W61/><G119/><T27/><D113/><U86/><E116/><V132/><F67/><W49/><G123/><T2/><D109/><N who="3" m="41481" /><G115/><T131/><D131/><U105/><E68/><V19/><F58/><N who="3" m="35015" /><G69/><T1/><D125/><U89/><E105/><V55/><F55/><N who="3" m="30143" /><G36/><T4/><D100/><U54/><E66/><V56/><F56/><W76/><G22/><T16/><D44/><U64/><E64/><V93/><F34/><W39/><G39/><T43/><D43/><U0/><E0/><N who="0" m="105" /><D62/><U82/><E21/><V135/><F99/><W97/><G75/><T83/><D72/><U57/><E57/><V121/><F121/><W96/><G96/><T23/><D70/><U112/><E112/><V38/><F38/><W134/><G134/><T122/><D122/><U35/><E35/><V78/><F78/><W130/><G130/><T24/><D83/><U73/><E73/><V87/><F87/><W77/><G77/><T129/><D80/><U102/><E8/><V124/><F124/><W29/><G29/><N who="0" m="17567" /><D129/><U118/><E118/><V81/><F81/><W63/><G63/><T46/><D46/><U42/><E82/><V51/><F51/><W126/><G126/><T10/><D10/><U106/><E86/><V117/><F117/><W108/><N who="3" m="41489" /><W3/><DORA hai="12" /><G3/><AGARI ba="3,0" hai="3,5,11,17,19,28,30,31,93,98,101,132,133,135" machi="3" ten="50,9600,0" yaku="20,1,52,2" doraHai="107,12" who="2" fromWho="3" sc="89,0,179,0,520,105,212,-105" /><INIT seed="2,4,0,4,0,120" ten="89,179,625,107" oya="2" hai0="92,59,122,124,34,25,7,31,105,116,20,93,14" hai1="54,72,47,8,130,135,84,73,87,48,103,49,132" hai2="9,106,44,119,117,37,99,21,133,15,26,82,58" hai3="91,83,98,36,23,55,89,134,42,90,100,41,0"/><V18/><F133/><N who="1" m="51273" /><E130/><V10/><F10/><W5/><G134/><T38/><D38/><U79/><E103/><V69/><F69/><W76/><G36/><T61/><D122/><U22/><E22/><V101/><F58/><W1/><G5/><T32/><D105/><U53/><E8/><V112/><F112/><W65/><G65/><T77/><D77/><U60/><E60/><V17/><F82/><W109/><G109/><T29/><D116/><U81/><E87/><V96/><F96/><W80/><G55/><T125/><D92/><U30/><E30/><N who="0" m="11273" /><D93/><U13/><E13/><V56/><F56/><AGARI ba="4,0" hai="47,48,49,53,54,56,72,73,79,81,84" m="51273" machi="56" ten="30,1000,0" yaku="20,1" doraHai="120" who="1" fromWho="2" sc="89,0,179,22,625,-22,107,0" /><INIT seed="3,0,0,1,1,58" ten="89,201,603,107" oya="3" hai0="108,10,101,109,112,93,78,48,114,16,110,28,24" hai1="85,102,69,25,67,64,14,83,116,59,63,17,90" hai2="135,41,31,107,4,89,73,27,9,6,0,8,104" hai3="96,30,26,39,79,52,129,103,70,36,113,53,51"/><W86/><G113/><N who="0" m="43627" /><D78/><U130/><E130/><V42/><F73/><W38/><G129/><T77/><D77/><U124/><E124/><V13/><F135/><W29/><G70/><T46/><D93/><U54/><E116/><V88/><F107/><W21/><G30/><T106/><D101/><U60/><E102/><V23/><F104/><W95/><REACH who="3" step="1"/><G51/><REACH who="3" ten="89,201,603,97" step="2"/><T100/><D100/><U18/><E69/><V76/><F31/><W94/><G94/><T118/><D106/><U22/><REACH who="1" step="1"/><E60/><REACH who="1" ten="89,191,603,97" step="2"/><V15/><F0/><W74/><G74/><T34/><D118/><U80/><E80/><AGARI ba="0,2" hai="21,26,29,36,38,39,52,53,79,80,86,95,96,103" machi="80" ten="40,3900,0" yaku="1,1,54,1,53,0" doraHai="58" doraHaiUra="11" who="3" fromWho="1" sc="89,0,191,-39,603,0,97,59" /><INIT seed="3,1,0,2,0,28" ten="89,152,603,156" oya="3" hai0="116,70,82,96,135,128,94,72,105,53,117,85,104" hai1="130,78,108,30,127,133,36,110,41,114,123,64,90" hai2="86,33,27,9,124,31,18,87,83,56,32,126,12" hai3="63,21,5,47,106,4,100,66,49,79,125,88,40"/><W102/><G125/><N who="2" m="48233" /><F56/><W35/><G35/><N who="2" m="13385" /><F83/><W122/><G122/><T46/><D70/><U77/><E30/><V62/><F62/><W73/><G73/><T51/><D135/><U120/><E64/><V20/><AGARI ba="1,0" hai="9,12,18,20,27,31,86,87" m="13385,48233" machi="20" ten="30,7900,0" yaku="18,1,52,3" doraHai="28" who="2" fromWho="2" sc="89,-21,152,-21,603,82,156,-40" /><INIT seed="4,0,0,2,4,82" ten="68,131,685,116" oya="0" hai0="88,78,24,86,31,63,0,109,3,98,92,104,20" hai1="22,123,47,101,129,127,25,125,9,64,45,69,72" hai2="43,117,7,89,113,41,12,91,48,65,11,53,52" hai3="21,42,81,23,73,29,8,15,40,110,13,5,112"/><T90/><D109/><U34/><E123/><V105/><F105/><W19/><G110/><T99/><D104/><U56/><E72/><V28/><F113/><W58/><G112/><T27/><D63/><N who="1" m="37991" /><E69/><V18/><F28/><W55/><G73/><T96/><D78/><U70/><E70/><V128/><F65/><W30/><G81/><T26/><REACH who="0" step="1"/><D90/><REACH who="0" ten="58,131,685,116" step="2"/><U107/><E107/><V36/><F91/><W130/><G130/><T39/><D39/><U115/><E115/><V122/><F36/><W67/><G67/><T121/><D121/><U50/><E129/><V135/><F122/><W83/><G83/><T124/><D124/><U134/><E127/><V116/><F128/><W80/><G80/><T126/><D126/><U132/><E125/><V77/><F77/><W103/><G103/><T85/><D85/><U60/><E101/><V16/><F117/><W106/><G106/><T76/><D76/><U17/><E60/><V4/><F89/><W102/><G102/><T131/><D131/><U6/><E50/><V87/><F87/><W84/><G84/><T2/><AGARI ba="0,1" hai="0,2,3,20,24,26,27,31,86,88,92,96,98,99" machi="2" ten="40,12000,1" yaku="1,1,0,1,52,1,54,1,53,0" doraHai="82" doraHaiUra="10" who="0" fromWho="0" sc="58,130,131,-40,685,-40,116,-40" /><INIT seed="4,1,0,4,1,69" ten="188,91,645,76" oya="0" hai0="123,105,94,128,109,73,108,131,38,132,32,130,96" hai1="49,48,75,107,10,81,78,116,27,126,31,83,6" hai2="9,16,110,62,55,64,26,40,101,8,47,118,120" hai3="84,57,2,54,106,68,87,30,90,121,20,102,14"/><T46/><D73/><U17/><E116/><V79/><F110/><N who="0" m="42602" /><D123/><U25/><E107/><V119/><F120/><W97/><G68/><T41/><D132/><U76/><E126/><V104/><F55/><W63/><G2/><T11/><D11/><U92/><E92/><V61/><F79/><W7/><G121/><T86/><D86/><U72/><E17/><V74/><F74/><W51/><G7/><T53/><D53/><U100/><E100/><V85/><F85/><W60/><G84/><T98/><D98/><U80/><E80/><V15/><F101/><W0/><G0/><T4/><D4/><U134/><E134/><V21/><F104/><W99/><G99/><T117/><D117/><N who="2" m="44554" /><F64/><W12/><G30/><T33/><D105/><U113/><E113/><V91/><F9/><W56/><G20/><T19/><D19/><U111/><E111/><V29/><F91/><AGARI ba="1,0" hai="32,33,38,41,46,91,94,96,128,130,131" m="42602" machi="91" ten="40,7700,0" yaku="19,1,10,1,52,1" doraHai="69" who="0" fromWho="2" sc="188,80,91,0,645,-80,76,0" /><INIT seed="4,2,0,5,1,85" ten="268,91,565,76" oya="0" hai0="28,83,61,66,112,131,76,21,11,10,4,105,95" hai1="110,68,31,36,96,37,77,75,50,57,17,88,90" hai2="107,69,115,125,35,42,49,45,80,121,30,97,7" hai3="99,24,55,19,127,130,16,1,20,135,78,118,60"/><T18/><D112/><U12/><E110/><V32/><F121/><W124/><G118/><T109/><D109/><U67/><E68/><V59/><F69/><W101/><G1/><T54/><D131/><U65/><E75/><V126/><F115/><W27/><G130/><T0/><D105/><U70/><E70/><V71/><F71/><W128/><G128/><T129/><D129/><U113/><E113/><V44/><F30/><W22/><G135/><T91/><D28/><U89/><E77/><V15/><F59/><W48/><G60/><T106/><D106/><U119/><E119/><V98/><F80/><W63/><G63/><T134/><D134/><U52/><E31/><V104/><F15/><W114/><G78/><T41/><D54/><U62/><E96/><V26/><F26/><W103/><G114/><T122/><D122/><U51/><E37/><V58/><F42/><W40/><G40/><T14/><D41/><U92/><E92/><V108/><F108/><W34/><G34/><T133/><D133/><U74/><E74/><V86/><F35/><W33/><G33/><T23/><D61/><U79/><E79/><V111/><F32/><W120/><G120/><T123/><D66/><N who="1" m="25099" /><E36/><V43/><F111/><W13/><G13/><T53/><D53/><U8/><AGARI ba="2,0" hai="8,12,17,50,51,52,57,62,88,89,90" m="25099" machi="8" ten="30,12000,2" yaku="8,1,52,3,54,2" doraHai="85" who="1" fromWho="1" sc="268,-62,91,126,565,-32,76,-32" /><INIT seed="5,0,0,5,4,78" ten="206,217,533,44" oya="1" hai0="97,75,89,6,50,17,128,105,73,102,72,134,96" hai1="63,39,35,93,18,33,59,47,83,1,27,38,41" hai2="15,120,113,23,124,14,13,31,115,79,65,131,55" hai3="45,106,20,24,86,3,54,98,66,112,90,74,4"/><U8/><E39/><V42/><F120/><W52/><G112/><N who="2" m="43081" /><F65/><W123/><G123/><T25/><D134/><U60/><E60/><V125/><F42/><W28/><G74/><T132/><D132/><U29/><E35/><V77/><F55/><W2/><G66/><T53/><D128/><U91/><E1/><V101/><F101/><W114/><G114/><T49/><D6/><U44/><E44/><V94/><F94/><W117/><G117/><T37/><D37/><U119/><E119/><V51/><F51/><W69/><G69/><T10/><D50/><U104/><E104/><V130/><F77/><W80/><G45/><T11/><D89/><U111/><E111/><V92/><F92/><W127/><G127/><N who="2" m="48713" /><F79/><W32/><G32/><T36/><D96/><U21/><E83/><V46/><F46/><W34/><G34/><T5/><D36/><U67/><E8/><V19/><F31/><W122/><G122/><T76/><D76/><U26/><E93/><V71/><F71/><W84/><G84/><T57/><D73/><U9/><E91/><V107/><F107/><W103/><REACH who="3" step="1"/><G3/><REACH who="3" ten="206,217,533,34" step="2"/><N who="0" m="319" /><D75/><U129/><E47/><V81/><F81/><W58/><G58/><T88/><D72/><U61/><E59/><V87/><F87/><W22/><G22/><T0/><D0/><U70/><E21/><V133/><F133/><W85/><G85/><T68/><D68/><U118/><E70/><V56/><F56/><W108/><G108/><T7/><D57/><U99/><E33/><V12/><AGARI ba="0,1" hai="12,13,14,15,19,23,130,131" m="48713,43081" machi="12" ten="40,8000,1" yaku="15,1,11,1,18,1,34,2" doraHai="78" who="2" fromWho="2" sc="206,-20,217,-40,533,90,34,-20" /><INIT seed="6,0,0,3,4,54" ten="186,177,623,14" oya="2" hai0="31,120,127,123,44,23,91,96,105,26,46,28,68" hai1="101,6,90,111,103,119,128,132,9,45,63,7,113" hai2="84,10,95,131,22,82,133,100,98,135,59,29,35" hai3="109,60,106,75,57,27,64,61,86,13,102,73,1"/><V53/><F35/><W110/><G1/><T89/><D68/><U114/><E119/><V93/><F131/><W17/><G106/><T18/><D127/><U20/><E111/><V71/><F71/><W56/><G102/><T116/><D116/><U107/><E128/><V122/><F122/><W34/><G86/><T124/><D124/><U117/><E117/><V78/><F10/><W70/><G70/><T129/><D129/><U118/><E118/><V30/><F95/><W67/><G27/><T37/><D105/><U33/><E33/><V72/><F72/><W2/><G34/><T24/><D18/><U79/><E107/><V66/><F66/><W125/><G2/><T69/><D69/><U76/><E132/><N who="2" m="50763" /><F22/><W19/><G13/><T58/><D96/><U15/><E6/><V99/><F99/><W83/><G83/><T87/><D37/><U8/><E8/><V11/><F11/><W74/><G74/><T92/><D123/><U42/><E20/><V112/><F112/><W97/><G97/><T36/><D36/><N who="1" m="21703" /><E114/><V39/><F39/><W85/><G85/><T51/><D120/><U48/><E101/><V4/><F4/><W115/><G115/><T94/><D26/><U47/><E103/><V62/><AGARI ba="0,0" hai="29,30,53,59,62,78,82,84,93,98,100" m="50763" machi="62" ten="30,3000,0" yaku="20,1,52,1" doraHai="54" who="2" fromWho="2" sc="186,-10,177,-10,623,30,14,-10" /><INIT seed="6,1,0,4,0,29" ten="176,167,653,4" oya="2" hai0="44,124,24,55,0,113,46,20,36,43,85,7,130" hai1="18,81,16,89,68,2,15,52,107,90,105,21,84" hai2="116,57,6,27,3,62,77,96,95,115,64,31,48" hai3="106,13,97,14,67,1,42,126,118,35,23,34,53"/><V110/><F116/><W70/><G118/><T80/><D113/><U94/><E2/><V25/><F115/><W123/><G123/><T49/><D130/><U108/><E108/><V38/><F38/><W37/><G1/><T26/><D124/><U104/><E68/><V79/><F110/><W92/><G106/><T73/><D20/><U9/><E52/><V125/><F125/><W66/><G126/><T58/><D46/><U61/><E61/><V101/><F27/><W50/><G23/><T102/><D102/><U120/><E120/><V99/><F99/><W51/><G97/><T112/><D112/><U30/><E30/><V127/><F127/><W12/><G92/><T10/><D73/><U117/><E117/><V132/><F132/><W60/><G67/><T87/><D87/><U133/><E133/><V8/><F48/><W75/><G75/><T131/><D131/><U103/><E103/><V121/><F121/><W19/><G19/><T65/><D65/><U76/><REACH who="1" step="1"/><E94/><REACH who="1" ten="176,157,653,4" step="2"/><V59/><F57/><N who="3" m="32959" /><G50/><T22/><D22/><AGARI ba="1,1" hai="3,6,8,22,25,31,59,62,64,77,79,95,96,101" machi="22" ten="30,5800,0" yaku="7,1,25,2" doraHai="29" who="2" fromWho="0" sc="176,-61,157,0,653,71,4,0" /><INIT seed="6,2,0,5,0,83" ten="115,157,724,4" oya="2" hai0="99,79,7,85,42,127,47,107,129,108,63,2,51" hai1="14,111,102,125,110,10,100,73,103,123,25,98,75" hai2="16,22,74,12,86,34,133,3,72,62,46,120,60" hai3="31,23,37,77,91,113,70,20,121,56,8,39,117"/><V126/><F120/><W119/><G121/><T19/><D108/><U44/><E123/><V132/><F3/><W88/><G70/><T69/><D129/><U82/><E25/><V48/><F34/><W43/><G8/><T11/><D127/><U52/><E125/><V17/><F126/><W57/><G43/><T92/><D107/><U131/><E131/><V68/><F17/><W15/><G15/><T9/><D9/><U21/><E21/><V130/><F130/><W61/><G61/><T115/><D115/><U64/><E64/><V35/><F35/><W53/><G77/><T13/><D69/><U96/><E110/><V93/><F72/><W135/><G53/><T40/><D63/><U54/><E75/><V80/><F93/><W97/><G97/><N who="1" m="37482" /><E73/><V81/><F74/><W59/><G135/><N who="2" m="51785" /><F68/><W50/><G50/><T0/><D19/><N who="1" m="8663" /><E111/><V45/><F45/><W89/><G113/><T27/><D27/><U65/><E65/><V71/><F71/><W5/><G5/><T26/><D26/><U33/><E33/><V49/><F49/><W134/><G134/><T66/><D66/><U114/><E114/><V24/><F24/><N who="3" m="16775" /><G23/><T101/><D40/><U18/><E44/><V104/><F104/><W67/><G67/><T29/><D29/><U118/><E18/><V84/><F62/><W112/><G112/><T90/><D101/><U87/><E118/><V1/><F60/><W4/><G4/><T78/><D78/><AGARI ba="2,0" hai="52,54,78,82,87,100,102,103" m="8663,37482" machi="78" ten="30,3900,0" yaku="8,1,52,1,54,1" doraHai="83" who="1" fromWho="0" sc="115,-45,157,45,724,0,4,0" /><INIT seed="7,0,0,3,2,14" ten="70,202,724,4" oya="3" hai0="5,41,45,107,52,127,42,4,120,21,39,29,77" hai1="94,56,83,86,72,90,9,133,122,108,92,38,98" hai2="49,11,131,103,26,25,115,47,23,69,51,64,114" hai3="124,57,44,1,78,101,112,75,95,48,99,135,88"/><W105/><G1/><T76/><D120/><U33/><E108/><V63/><F131/><W91/><G112/><N who="2" m="43049" /><F103/><W129/><G129/><T50/><D107/><U74/><E92/><V31/><F11/><W102/><G124/><T16/><D127/><U80/><E98/><V22/><F47/><W30/><G135/><T119/><D119/><U84/><E83/><V100/><F100/><W71/><G71/><T27/><D39/><U81/><E84/><V79/><F79/><N who="0" m="30282" /><D29/><AGARI ba="0,0" hai="22,23,25,26,29,31,49,51,63,64,69" m="43049" machi="29" ten="30,1000,0" yaku="15,1" doraHai="14" who="2" fromWho="0" sc="70,-10,202,0,724,10,4,0" owari="60,-34.0,202,0.0,734,84.0,4,-50.0" /></mjloggm>