<mjloggm ver="2.3"><GO type="169" lobby="0"/><UN n0="%62%69%67%6D%6F%75%74%68" n1="%E8%B5%A4%E5%9D%82%E3%83%86%E3%83%B3%E3%83%91%E3%82%A4" n2="%31%35%2E%31%35%63%6D" n3="%E5%A0%B4%E6%B3%81%E5%8E%A8" dan="17,16,16,17" rate="2166.45,2069.05,2073.56,2156.63" sx="M,M,M,F"/><TAIKYOKU oya="0"/><INIT seed="0,0,0,4,5,6" ten="250,250,250,250" oya="0" hai0="35,43,99,54,67,47,129,81,121,55,105,15,133" hai1="33,75,112,128,26,58,78,104,116,102,96,56,44" hai2="30,110,94,19,1,108,135,101,24,8,87,63,10" hai3="114,38,82,109,124,59,21,64,95,84,65,16,77"/><T18/><D121/><U76/><E76/><V34/><F135/><W7/><G114/><T2/><D35/><U48/><E116/><V71/><F1/><W134/><G38/><T31/><D31/><U22/><E33/><V68/><F19/><W119/><G119/><T51/><D2/><U12/><E112/><V126/><F126/><W29/><G109/><N who="2" m="42089" /><F63/><W57/><G134/><T28/><D133/><U61/><E128/><V62/><F62/><W130/><G130/><T69/><D28/><U118/><E118/><V120/><F120/><W25/><G7/><T92/><D105/><U13/><E78/><V72/><F72/><W37/><G37/><T3/><D3/><U14/><E75/><V98/><F87/><W93/><G29/><T83/><D129/><U45/><E26/><V36/><F36/><W122/><G124/><T100/><D67/><N who="3" m="25673" /><G122/><T117/><D69/><AGARI ba="0,0" hai="8,10,24,30,34,68,69,71,94,98,101" m="42089" machi="69" ten="30,3900,0" yaku="14,1,52,2" doraHai="6" who="2" fromWho="0" sc="250,-39,250,0,250,39,250,0" /><INIT seed="1,0,0,5,5,131" ten="211,250,289,250" oya="1" hai0="59,58,126,74,45,55,78,3,7,94,33,89,11" hai1="73,43,102,105,63,90,17,93,107,14,101,111,80" hai2="114,36,62,6,109,134,0,50,28,129,18,96,104" hai3="37,13,41,25,133,108,20,83,98,113,76,10,44"/><U48/><E105/><V77/><F77/><W84/><G108/><T34/><D126/><U132/><E107/><V21/><F36/><W71/><G71/><T119/><D119/><U12/><E80/><V67/><F129/><W64/><G64/><T122/><D122/><U32/><E73/><V124/><F50/><W5/><G113/><T19/><D59/><U120/><E32/><V47/><F47/><W46/><G98/><T8/><D45/><U123/><E120/><V68/><F109/><W121/><G121/><T49/><D78/><U16/><E111/><V61/><F61/><W40/><G20/><T87/><D74/><U100/><E123/><V15/><F124/><W24/><REACH who="3" step="1"/><G133/><REACH who="3" ten="211,250,289,240" step="2"/><T128/><D128/><U70/><E132/><V52/><F134/><W125/><G125/><T115/><D115/><U127/><E127/><V38/><F96/><W86/><G86/><T110/><D110/><U72/><E72/><V88/><F67/><W79/><G79/><T81/><D34/><U2/><E70/><V54/><F68/><W51/><AGARI ba="0,1" hai="5,10,13,24,25,37,40,41,44,46,51,76,83,84" machi="51" ten="20,12000,2" yaku="1,1,0,1,7,1,25,2,53,1" doraHai="131" doraHaiUra="1" who="3" fromWho="3" sc="211,-30,250,-60,289,-30,240,130" /><INIT seed="2,0,0,4,2,56" ten="181,190,259,370" oya="2" hai0="51,124,32,117,96,26,75,68,44,73,40,37,33" hai1="71,52,22,62,2,67,93,8,83,49,112,92,27" hai2="113,0,107,123,60,47,23,14,106,121,13,74,90" hai3="119,31,78,111,54,81,99,89,130,91,77,115,55"/><V97/><F113/><W114/><G119/><T126/><D117/><U76/><E112/><V133/><F0/><W45/><G31/><T41/><D41/><U21/><E8/><V129/><F74/><W53/><G111/><T64/><D51/><U109/><E109/><V82/><F129/><W135/><G135/><T4/><D4/><U57/><E2/><V18/><F133/><W87/><G130/><T120/><D120/><U69/><E71/><V50/><F14/><W1/><G1/><T19/><D96/><U34/><E34/><V127/><F127/><N who="0" m="48682" /><D19/><U85/><REACH who="1" step="1"/><E22/><REACH who="1" ten="181,180,259,370" step="2"/><V10/><F23/><W36/><G115/><T86/><D33/><U105/><E105/><V118/><F106/><W29/><G114/><T98/><D32/><U16/><AGARI ba="0,1" hai="16,21,27,49,52,57,62,67,69,76,83,85,92,93" machi="16" ten="20,12000,2" yaku="1,1,0,1,7,1,52,1,54,2,53,1" doraHai="56" doraHaiUra="63" who="1" fromWho="1" sc="181,-30,180,130,259,-60,370,-30" /><INIT seed="3,0,0,0,1,94" ten="151,310,199,340" oya="3" hai0="9,134,124,90,54,108,34,105,13,26,23,1,43" hai1="92,36,109,46,91,83,70,18,8,69,104,15,113" hai2="67,55,45,76,2,84,41,64,102,63,127,4,131" hai3="133,82,106,118,95,44,61,7,110,129,79,49,24"/><W132/><G106/><T3/><D34/><U125/><E104/><V81/><F127/><W25/><G118/><T120/><D120/><U51/><E36/><V111/><F111/><W96/><G7/><T14/><D108/><U19/><E109/><V78/><F131/><W38/><G38/><T27/><D124/><U60/><E125/><V97/><F78/><W32/><G61/><T33/><D43/><U85/><E113/><V47/><F2/><W57/><G57/><T115/><D115/><U107/><E107/><V123/><F4/><W35/><G35/><T30/><D105/><U73/><E19/><V5/><F5/><W72/><G129/><T29/><D90/><U119/><E60/><V37/><F123/><W11/><G11/><T98/><D98/><U0/><E0/><N who="0" m="73" /><D54/><U12/><E12/><N who="0" m="4713" /><D134/><N who="3" m="51817" /><G32/><T10/><AGARI ba="0,0" hai="9,10,23,26,27,29,30,33" m="4713,73" machi="10" ten="30,8000,1" yaku="35,5" doraHai="94" who="0" fromWho="0" sc="151,80,310,-20,199,-20,340,-40" /><INIT seed="4,0,0,3,3,37" ten="231,290,179,300" oya="0" hai0="113,27,38,59,51,19,1,22,41,88,106,83,130" hai1="99,112,17,105,4,131,87,80,71,79,40,97,82" hai2="125,45,47,132,107,49,57,109,31,3,72,53,85" hai3="93,90,134,61,66,111,33,76,8,56,60,12,64"/><T78/><D106/><U28/><E71/><V55/><F72/><W135/><G33/><T18/><D1/><U124/><E105/><V91/><F109/><W92/><G76/><T127/><D38/><U128/><E4/><V104/><F132/><N who="3" m="50731" /><G90/><T35/><D35/><U15/><E28/><V39/><F125/><W13/><G13/><T21/><D127/><U32/><E32/><V5/><F31/><W7/><G111/><T34/><D34/><U36/><E82/><V50/><F39/><W0/><G12/><T126/><D126/><U44/><E112/><V10/><REACH who="2" step="1"/><F57/><AGARI ba="0,0" hai="0,7,8,56,57,60,61,64,66,92,93" m="50731" machi="57" ten="30,1000,0" yaku="20,1" doraHai="37" who="3" fromWho="2" sc="231,0,290,0,179,-10,300,10" /><INIT seed="5,0,0,5,4,12" ten="231,290,169,310" oya="1" hai0="85,34,23,7,30,55,50,79,129,64,135,115,53" hai1="71,33,76,111,130,134,54,58,102,63,87,18,49" hai2="110,26,59,31,2,5,78,41,128,35,16,40,84" hai3="27,72,82,52,14,92,21,24,8,42,38,39,95"/><U20/><E33/><V45/><F110/><W90/><G27/><T132/><D34/><U99/><E111/><V96/><F128/><W0/><G0/><T112/><D129/><U25/><E130/><V123/><F123/><W105/><G105/><T28/><D7/><U65/><E134/><N who="0" m="51241" /><D64/><U61/><E87/><V80/><F2/><W29/><G92/><T36/><D36/><U104/><E76/><V75/><F5/><W69/><G69/><T4/><D4/><U103/><E102/><V120/><F120/><W91/><G42/><T57/><D55/><U17/><E63/><V56/><F96/><W93/><G52/><N who="0" m="31895" /><D23/><U47/><E71/><V51/><F75/><W122/><G82/><N who="0" m="47327" /><D53/><U98/><E98/><V60/><F41/><W89/><G72/><T113/><AGARI ba="0,0" hai="28,30,112,113,115" m="47327,31895,51241" machi="113" ten="40,5200,0" yaku="15,1,20,1,54,1" doraHai="12" who="0" fromWho="0" sc="231,52,290,-26,169,-13,310,-13" /><INIT seed="6,0,0,4,5,32" ten="283,264,156,297" oya="2" hai0="132,59,20,133,97,98,22,24,102,122,95,68,89" hai1="15,110,7,127,17,117,131,116,43,55,45,99,46" hai2="6,79,50,93,90,126,75,51,0,82,63,25,10" hai3="2,88,96,14,44,114,123,57,85,48,41,56,19"/><V69/><F126/><W21/><G123/><T53/><D122/><U74/><E74/><V70/><F25/><W104/><G114/><T67/><D68/><U105/><E110/><V39/><F39/><W113/><G2/><T64/><D22/><U73/><E73/><V121/><F121/><W52/><G113/><T135/><D102/><U94/><E105/><V134/><F134/><W27/><G104/><T47/><D47/><U23/><E127/><V9/><F9/><N who="3" m="6607" /><G96/><T81/><D81/><U36/><E131/><V29/><F29/><N who="3" m="17647" /><G41/><T72/><D98/><U128/><E128/><V119/><F119/><W103/><G103/><T16/><D72/><U34/><E34/><V18/><F18/><W129/><G129/><T125/><REACH who="0" step="1"/><D125/><REACH who="0" ten="273,264,156,297" step="2"/><U54/><E117/><V58/><F70/><W33/><G33/><T11/><D11/><U130/><E116/><V101/><F101/><W31/><G31/><T62/><AGARI ba="0,1" hai="16,20,24,53,59,62,64,67,89,95,97,132,133,135" machi="62" ten="30,16000,3" yaku="1,1,0,1,25,2,20,1,54,1,53,2" doraHai="32" doraHaiUra="60" who="0" fromWho="0" sc="273,170,264,-40,156,-80,297,-40" /><INIT seed="7,0,0,5,2,66" ten="443,224,76,257" oya="3" hai0="135,102,23,41,20,0,6,104,19,7,53,96,115" hai1="132,32,47,122,17,85,125,64,13,1,21,60,92" hai2="26,116,43,5,69,4,129,117,87,40,50,49,57" hai3="93,42,71,29,55,86,81,48,28,78,2,72,73"/><W94/><G2/><T124/><D124/><U63/><E122/><V67/><F87/><W46/><G71/><T24/><D135/><U77/><E1/><V3/><F26/><W88/><G72/><T114/><D41/><U113/><E32/><V97/><F3/><W18/><G18/><T11/><D7/><U109/><E109/><V95/><F95/><W74/><G73/><T45/><D23/><U10/><E125/><V133/><F97/><W34/><G34/><T15/><D24/><U36/><E132/><V98/><F98/><W106/><G106/><T120/><D120/><U54/><E113/><V33/><F33/><W89/><REACH who="3" step="1"/><G42/><REACH who="3" ten="443,224,76,247" step="2"/><T121/><D121/><U51/><E17/><V65/><F133/><W14/><G14/><T56/><D115/><U8/><E13/><V61/><F5/><W131/><G131/><T44/><D114/><U38/><E21/><V111/><F4/><W16/><G16/><T91/><D104/><U118/><E10/><V62/><F129/><W25/><G25/><T130/><D130/><U31/><E8/><V99/><F111/><W12/><G12/><T68/><D68/><U127/><E127/><V39/><F116/><W82/><G82/><T112/><D112/><U76/><E118/><V108/><F117/><W59/><G59/><T75/><D75/><U22/><E22/><V84/><F108/><W100/><G100/><T107/><D107/><U37/><E31/><V101/><F43/><W103/><G103/><T90/><D102/><U105/><E105/><N who="2" m="63679" /><F84/><AGARI ba="0,1" hai="28,29,46,48,55,74,78,81,84,86,88,89,93,94" machi="84" ten="30,11600,0" yaku="1,1,7,1,9,1,54,1,53,0" doraHai="66" doraHaiUra="30" who="3" fromWho="2" sc="443,0,224,0,76,-116,247,126" owari="443,55.0,224,-18.0,-40,-54.0,373,17.0" /></mjloggm>