<mjloggm ver="2.3"><GO type="169" lobby="0"/><UN n0="%E3%81%BE%E3%81%95%EF%BC%A7" n1="%46%4C%41%4D%45" n2="%E7%81%AB%E9%9C%8A%E5%A4%A2" n3="%E2%93%A5%E5%8D%83%E7%BE%BD%E9%BB%92%E4%B9%83" dan="17,17,17,17" rate="2163.96,2190.10,2240.41,2171.03" sx="M,M,M,F"/><TAIKYOKU oya="0"/><INIT seed="0,0,0,0,1,135" ten="250,250,250,250" oya="0" hai0="22,70,28,116,23,97,56,72,71,43,127,49,64" hai1="110,14,47,104,112,93,134,90,128,83,32,3,100" hai2="84,61,57,63,36,39,13,133,19,26,0,27,67" hai3="85,35,130,34,124,25,95,122,11,80,68,123,33"/><T50/><D72/><U103/><E3/><V96/><F0/><W24/><G68/><T20/><D116/><U40/><E32/><V60/><F133/><W41/><G41/><T62/><D28/><U94/><E134/><V78/><F36/><W55/><G95/><T113/><D113/><U101/><E104/><V38/><F38/><W21/><G130/><T37/><D127/><U126/><E128/><V65/><F39/><W117/><G117/><T88/><D37/><U17/><E112/><V7/><F7/><W29/><G55/><T119/><D119/><U109/><E83/><N who="2" m="47223" /><F96/><W111/><G111/><N who="1" m="42506" /><E90/><V131/><F131/><W2/><G80/><T99/><D99/><U114/><E114/><V5/><F5/><N who="3" m="1463" /><G85/><T98/><D98/><U92/><E126/><V8/><F57/><W107/><G107/><T15/><D15/><U73/><E73/><V115/><F115/><W75/><G75/><T118/><D118/><U4/><E4/><V52/><F52/><W54/><G54/><T76/><D76/><U10/><E103/><V31/><F31/><N who="3" m="19695" /><G124/><T9/><D9/><U45/><E45/><V74/><F74/><W48/><G35/><T6/><D6/><U46/><E46/><V18/><F67/><W105/><G105/><T16/><D43/><U1/><E47/><V66/><F66/><W44/><G34/><T129/><D129/><U108/><E108/><V42/><F42/><N who="3" m="24599" /><G122/><T81/><D81/><U125/><E125/><V59/><F27/><N who="3" m="16623" /><G123/><T106/><D70/><U69/><E69/><V91/><F91/><W51/><G24/><N who="0" m="14343" /><D50/><U121/><E121/><RYUUKYOKU ba="0,0" sc="250,-15,250,-15,250,15,250,15" hai2="8,13,18,19,26,59,60,61,63,65" hai3="51" /><INIT seed="1,1,0,4,2,113" ten="235,235,265,265" oya="1" hai0="98,36,95,92,132,131,13,12,6,27,0,116,126" hai1="56,8,59,34,104,103,25,83,10,42,65,105,40" hai2="7,118,52,135,111,88,106,79,86,129,55,100,21" hai3="124,108,31,109,14,63,119,11,67,84,76,114,9"/><U99/><E105/><V89/><F111/><W74/><G74/><T107/><D116/><U91/><E42/><V80/><F129/><W130/><G114/><T46/><D126/><U77/><E40/><V43/><F43/><W71/><G130/><T41/><D131/><U87/><E77/><V30/><F7/><W120/><G120/><T90/><D132/><U17/><E65/><V58/><F135/><W110/><G31/><T35/><D107/><U47/><E47/><V26/><F118/><W112/><G112/><T97/><D35/><U117/><E117/><V39/><F39/><W72/><G72/><T23/><D6/><U64/><E64/><V15/><F15/><W75/><G75/><T81/><D0/><U53/><E59/><V24/><F55/><W38/><G38/><T134/><D81/><U18/><E18/><V121/><F121/><W85/><G119/><T57/><D57/><U133/><E133/><V19/><F100/><W127/><G11/><T70/><D70/><U102/><E102/><V66/><F66/><W60/><G63/><T128/><D128/><U44/><E44/><V68/><F106/><W20/><G20/><T16/><REACH who="0" step="1"/><D134/><REACH who="0" ten="225,235,265,265" step="2"/><U73/><E34/><V125/><F68/><W45/><G45/><T122/><D122/><U32/><E32/><N who="2" m="20551" /><F125/><N who="3" m="48203" /><G76/><T28/><D28/><U115/><E115/><V37/><F37/><W93/><G93/><T51/><D51/><N who="1" m="30783" /><E73/><V22/><F79/><W54/><G109/><T33/><D33/><U61/><E61/><V50/><F89/><AGARI ba="1,1" hai="12,13,16,23,27,36,41,46,89,90,92,95,97,98" machi="89" ten="30,7700,0" yaku="1,1,7,1,9,1,54,1,53,0" doraHai="113" doraHaiUra="2" who="0" fromWho="2" sc="225,90,235,0,265,-80,265,0" /><INIT seed="2,0,0,0,4,77" ten="315,235,185,265" oya="2" hai0="103,85,75,119,10,5,40,88,80,11,69,62,73" hai1="25,33,18,2,36,99,41,45,26,59,17,61,81" hai2="24,130,90,55,14,100,78,118,134,52,9,12,66" hai3="108,112,15,104,94,4,79,129,68,133,89,38,86"/><V6/><F118/><W29/><G38/><T92/><D119/><U115/><E115/><V16/><F130/><W46/><G68/><T64/><D40/><U84/><E2/><V35/><F134/><W110/><G29/><T121/><D121/><U106/><E106/><V3/><F66/><W34/><G34/><T39/><D39/><U37/><E37/><V135/><F135/><W126/><G133/><T72/><REACH who="0" step="1"/><D5/><REACH who="0" ten="305,235,185,265" step="2"/><U28/><E99/><AGARI ba="0,1" hai="10,11,62,64,69,72,73,75,80,85,88,92,99,103" machi="99" ten="40,8000,1" yaku="1,1,2,1,52,1,54,1,53,0" doraHai="77" doraHaiUra="124" who="0" fromWho="1" sc="305,90,235,-80,185,0,265,0" /><INIT seed="3,0,0,4,0,4" ten="395,155,185,265" oya="3" hai0="47,125,46,11,94,24,49,15,121,72,64,7,132" hai1="106,109,14,122,61,93,19,134,91,6,135,27,36" hai2="17,31,48,78,85,133,131,54,56,62,123,113,43" hai3="20,45,3,88,117,16,116,33,112,68,59,105,118"/><W110/><G68/><T32/><D121/><U89/><E106/><V98/><F113/><W10/><G105/><T102/><D125/><U55/><E122/><V13/><F123/><W130/><G112/><T115/><D132/><N who="1" m="50731" /><E36/><V50/><F131/><W108/><G33/><T60/><D115/><U97/><E109/><N who="3" m="42090" /><G59/><T30/><D72/><U25/><E6/><V81/><F133/><W111/><G111/><T67/><D47/><U119/><E119/><V9/><F31/><W0/><G130/><T65/><D94/><N who="1" m="56527" /><E55/><V53/><F43/><W126/><G126/><T22/><D102/><U99/><E61/><V129/><F129/><W120/><G120/><T37/><D37/><U2/><E2/><V127/><F127/><W103/><G103/><T87/><D32/><U75/><E75/><V52/><F98/><W41/><G88/><T84/><REACH who="0" step="1"/><D60/><REACH who="0" ten="385,155,185,265" step="2"/><U39/><E39/><V12/><REACH who="2" step="1"/><F13/><REACH who="2" ten="385,155,175,265" step="2"/><N who="3" m="7223" /><G3/><T100/><D100/><U96/><E96/><V18/><F18/><W76/><G0/><T107/><D107/><U35/><E35/><V21/><F21/><AGARI ba="0,2" hai="14,19,21,25,27,91,93,99" m="56527,50731" machi="21" ten="30,1000,0" yaku="20,1" doraHai="4" who="1" fromWho="2" sc="385,0,155,30,175,-10,265,0" /><INIT seed="4,0,0,2,3,13" ten="385,185,165,265" oya="0" hai0="74,104,96,105,24,76,135,119,48,123,3,81,47" hai1="10,127,107,70,46,118,45,93,35,132,30,102,18" hai2="133,66,73,16,84,71,59,99,134,6,65,98,75" hai3="27,54,110,57,12,86,69,97,9,2,126,60,131"/><T103/><D3/><U91/><E118/><V94/><F71/><W67/><G110/><T36/><D119/><U29/><E70/><V58/><F94/><W117/><G117/><T42/><D123/><U40/><E132/><V68/><F68/><W115/><G115/><T11/><D135/><U25/><E127/><V15/><F15/><W52/><G126/><T39/><D104/><U92/><E30/><V128/><F84/><W90/><G2/><T43/><D11/><U108/><E108/><V114/><F6/><W80/><G69/><T95/><D24/><U77/><E77/><V33/><F33/><W22/><G97/><T49/><REACH who="0" step="1"/><D105/><REACH who="0" ten="375,185,165,265" step="2"/><U34/><E107/><V20/><F114/><W101/><G131/><T111/><D111/><U17/><E10/><V1/><F1/><W125/><G125/><T53/><D53/><U129/><E129/><V78/><F128/><W83/><G54/><T44/><AGARI ba="0,1" hai="36,39,42,43,44,47,48,49,74,76,81,95,96,103" machi="44" ten="30,6000,0" yaku="1,1,0,1,9,1,53,0" doraHai="13" doraHaiUra="51" who="0" fromWho="0" sc="375,70,185,-20,165,-20,265,-20" /><INIT seed="4,1,0,3,3,47" ten="445,165,145,245" oya="0" hai0="121,1,85,109,26,40,0,25,119,107,69,54,74" hai1="35,95,20,65,2,49,32,4,12,56,83,82,127" hai2="62,60,71,31,22,100,114,94,111,110,64,132,106" hai3="53,117,75,57,135,134,59,11,118,29,34,58,37"/><T23/><D74/><U7/><E2/><V97/><F114/><W78/><G37/><T41/><D119/><U44/><E127/><V39/><F132/><N who="3" m="50731" /><G11/><T30/><D121/><U133/><E133/><V87/><F39/><W52/><G29/><T86/><D107/><U76/><E35/><V123/><F123/><W84/><G34/><T79/><D109/><U73/><E32/><V90/><F31/><W129/><G75/><T122/><D122/><U77/><E95/><V115/><F115/><W98/><G98/><T128/><D23/><U10/><E20/><V36/><F36/><W46/><G129/><T113/><D30/><U66/><E56/><N who="3" m="21610" /><G84/><T5/><D5/><U120/><E4/><V70/><REACH who="2" step="1"/><F22/><REACH who="2" ten="445,165,135,245" step="2"/><W72/><G118/><T125/><D113/><U116/><E116/><V108/><F108/><W24/><G117/><T51/><D128/><U124/><E120/><V88/><F88/><W126/><G126/><T63/><D125/><U48/><E124/><V102/><F102/><W14/><G78/><T96/><D79/><U68/><E68/><V8/><F8/><W17/><G72/><T45/><D69/><U80/><E73/><V18/><F18/><W43/><G17/><T55/><D85/><U21/><E21/><V91/><F91/><W81/><G24/><T38/><D86/><U16/><E7/><V15/><F15/><W92/><G14/><T130/><D130/><U89/><E89/><V104/><F104/><W99/><G99/><T67/><D96/><U50/><E44/><V131/><F131/><W27/><G46/><T3/><D45/><RYUUKYOKU ba="1,1" sc="445,-15,165,15,135,15,245,-15" hai1="10,12,16,48,49,50,65,66,76,77,80,82,83" hai2="60,62,64,70,71,87,90,94,97,100,106,110,111" /><INIT seed="5,2,1,3,2,113" ten="430,180,150,230" oya="1" hai0="30,114,85,26,91,101,18,117,47,51,80,131,4" hai1="48,106,102,53,33,63,130,75,86,29,64,34,100" hai2="44,83,121,123,65,95,125,99,97,55,23,122,88" hai3="25,15,9,62,36,76,22,92,107,66,82,7,56"/><U46/><E75/><V129/><F129/><W49/><G36/><T16/><D117/><U20/><E130/><V87/><F125/><W96/><G107/><T127/><D131/><U58/><E86/><V1/><F1/><W42/><G42/><T120/><D114/><U52/><E53/><V41/><F65/><W84/><G49/><T39/><D39/><U93/><E106/><V116/><F55/><W27/><REACH who="3" step="1"/><G22/><REACH who="3" ten="430,180,150,220" step="2"/><T70/><D51/><U98/><REACH who="1" step="1"/><E102/><AGARI ba="2,2" hai="7,9,15,25,27,56,62,66,76,82,84,92,96,102" machi="102" ten="30,8000,1" yaku="1,1,2,1,7,1,8,1,53,1" doraHai="113" doraHaiUra="57" who="3" fromWho="1" sc="430,0,180,-86,150,0,220,106" /><INIT seed="6,0,0,1,5,11" ten="430,94,150,326" oya="2" hai0="124,38,109,103,57,81,97,17,91,73,63,56,78" hai1="101,66,31,29,135,76,51,115,35,84,131,52,24" hai2="28,30,127,98,83,19,25,47,65,34,86,134,71" hai3="117,60,10,110,85,114,100,118,104,132,99,18,45"/><V77/><F134/><W1/><G110/><T61/><D109/><U58/><E135/><V5/><F127/><W128/><G132/><T13/><D38/><U123/><E115/><V53/><F5/><W8/><G114/><T82/><D124/><U54/><E131/><V70/><F28/><W6/><G128/><T122/><D122/><U121/><E31/><V68/><F98/><W80/><G45/><T67/><D91/><U69/><E101/><V116/><F116/><W49/><G49/><T133/><D133/><U92/><E54/><V22/><F47/><W112/><G60/><T96/><D81/><U15/><E15/><V107/><F53/><W21/><G10/><T105/><D97/><U44/><E69/><V23/><F107/><W42/><G42/><T14/><D17/><U106/><E106/><V95/><F95/><W93/><G104/><T94/><D105/><U102/><E102/><V27/><REACH who="2" step="1"/><F34/><REACH who="2" ten="430,94,140,326" step="2"/><W72/><G117/><T26/><D94/><U89/><REACH who="1" step="1"/><E76/><REACH who="1" ten="430,84,140,326" step="2"/><V64/><AGARI ba="0,2" hai="19,22,23,25,27,30,64,65,68,70,71,77,83,86" machi="64" ten="40,7800,0" yaku="1,1,2,1,0,1,53,0" doraHai="11" doraHaiUra="36" who="2" fromWho="2" sc="430,-26,84,-26,140,98,326,-26" /><INIT seed="6,1,0,4,0,68" ten="404,58,238,300" oya="2" hai0="12,21,42,93,122,92,3,47,8,26,60,36,27" hai1="17,13,86,133,67,53,22,132,125,129,35,71,38" hai2="130,88,7,18,62,78,6,73,40,80,123,20,54" hai3="99,90,95,57,112,103,75,114,87,23,118,79,135"/><V11/><F123/><W117/><G57/><T66/><D122/><U55/><E35/><V115/><F115/><N who="3" m="44075" /><G23/><T33/><D3/><U96/><E96/><V4/><F130/><W58/><G58/><T45/><D33/><U106/><E106/><V59/><F40/><W105/><G135/><N who="1" m="51786" /><E86/><V65/><F88/><W49/><G49/><T10/><D45/><U15/><E22/><V39/><F65/><W69/><G69/><T126/><D66/><U100/><E100/><V111/><F111/><W74/><G79/><T25/><D60/><N who="1" m="40423" /><E17/><V37/><REACH who="2" step="1"/><F11/><REACH who="2" ten="404,58,228,300" step="2"/><W1/><G1/><T48/><D42/><U77/><E77/><V34/><F34/><W101/><G103/><T108/><D108/><U134/><N who="1" m="51794" /><U89/><DORA hai="0" /><E89/><V52/><F52/><N who="1" m="20041" /><E13/><AGARI ba="1,1" hai="4,6,7,13,18,20,37,39,54,59,62,73,78,80" machi="13" ten="40,18000,2" yaku="1,1,52,5,53,1" doraHai="68,0" doraHaiUra="127,19" who="2" fromWho="1" sc="404,0,58,-183,228,193,300,0" owari="404,20.0,-125,-63.0,421,53.0,300,-10.0" /></mjloggm>