<mjloggm ver="2.3"><GO type="169" lobby="0"/><UN n0="%E5%85%A8%E4%BD%93%E6%80%A7%E3%81%A8%E7%84%A1%E9%99%90" n1="%E9%BA%BB%E9%9B%80%E7%A0%94%E7%A9%B6%E9%83%A8" n2="%E7%81%AB%E9%9C%8A%E5%A4%A2" n3="%E3%83%95%E3%82%AF%E3%83%80%E3%83%B3%E3%83%81%E3%83%A7" dan="17,16,17,17" rate="2135.11,2092.56,2232.80,2171.44" sx="M,M,M,M"/><TAIKYOKU oya="0"/><INIT seed="0,0,0,4,0,85" ten="250,250,250,250" oya="0" hai0="53,57,33,135,109,133,47,126,120,124,58,86,49" hai1="44,51,35,42,4,80,7,103,72,92,0,123,97" hai2="37,1,39,119,2,14,60,19,79,99,106,117,25" hai3="56,134,71,70,3,45,125,90,115,102,6,122,29"/><T27/><D120/><U12/><E123/><V21/><F79/><W127/><G102/><T46/><D33/><U55/><E35/><V13/><F60/><W121/><G29/><T9/><D27/><U24/><E0/><N who="2" m="107" /><F106/><W59/><G3/><T17/><D109/><U36/><E24/><V69/><F69/><N who="3" m="26123" /><G6/><T22/><D9/><U93/><E12/><N who="2" m="4715" /><F99/><W31/><G31/><T74/><D74/><U84/><E92/><V88/><F37/><W62/><G134/><N who="0" m="51211" /><D17/><U52/><E72/><V87/><F39/><W18/><G18/><T78/><D22/><U10/><E10/><V38/><F38/><W15/><G15/><T112/><D112/><U98/><E98/><V94/><F94/><W26/><G26/><T54/><D78/><U81/><E81/><V63/><F87/><W41/><G115/><T130/><D86/><U64/><E64/><V110/><F110/><W101/><G101/><T20/><D20/><U50/><E36/><V43/><F19/><W111/><G111/><T16/><D16/><U65/><E65/><V77/><F77/><W68/><G122/><T11/><D11/><U107/><E107/><V40/><F21/><W75/><G121/><T132/><N who="0" m="51219" /><T91/><DORA hai="118" /><D91/><N who="1" m="51591" /><E7/><V30/><F25/><W104/><G75/><T73/><D73/><U100/><E4/><V83/><F30/><W114/><G90/><T128/><D128/><U23/><E23/><V105/><F105/><W108/><G104/><T34/><D34/><U76/><E76/><V131/><F119/><W32/><G32/><T89/><D130/><U95/><E50/><RYUUKYOKU ba="0,0" sc="250,-10,250,30,250,-10,250,-10" hai1="42,44,51,52,55,93,95,97,100,103" /><BYE who="1" /><BYE who="0" /><UN n1="%E9%BA%BB%E9%9B%80%E7%A0%94%E7%A9%B6%E9%83%A8" /><INIT seed="1,1,0,5,4,38" ten="240,280,240,240" oya="1" hai0="43,122,23,100,32,50,90,39,117,119,82,62,134" hai1="26,78,36,4,53,54,22,10,87,81,51,61,113" hai2="37,95,96,59,99,24,58,52,17,130,126,132,16" hai3="92,91,75,60,19,45,48,79,40,35,109,18,7"/><U125/><E125/><UN n0="%E5%85%A8%E4%BD%93%E6%80%A7%E3%81%A8%E7%84%A1%E9%99%90" /><V57/><F126/><W14/><G109/><T114/><D32/><U33/><E33/><V9/><F130/><W0/><G35/><T63/><D114/><U105/><BYE who="0" /><E36/><V28/><F132/><UN n0="%E5%85%A8%E4%BD%93%E6%80%A7%E3%81%A8%E7%84%A1%E9%99%90" /><W2/><G7/><T31/><D134/><U103/><E113/><V93/><BYE who="0" /><F37/><W13/><G60/><T108/><D108/><U44/><E105/><V104/><F104/><W120/><G79/><T124/><D124/><U97/><E103/><UN n0="%E5%85%A8%E4%BD%93%E6%80%A7%E3%81%A8%E7%84%A1%E9%99%90" /><V64/><F64/><W88/><G75/><T72/><D122/><U123/><E97/><V6/><F96/><W8/><G120/><T71/><D39/><U56/><E123/><V66/><F66/><W77/><G77/><T101/><D71/><U115/><E115/><V73/><F73/><W70/><G70/><T85/><D72/><U25/><REACH who="1" step="1"/><E22/><REACH who="1" ten="240,270,240,240" step="2"/><N who="2" m="15383" /><F99/><W29/><G29/><T102/><D117/><U129/><E129/><V110/><F110/><W69/><G69/><T49/><D119/><U41/><E41/><V76/><F9/><W106/><G106/><T47/><REACH who="0" step="1"/><D50/><REACH who="0" ten="230,270,240,240" step="2"/><U42/><E42/><V84/><F95/><W133/><G133/><T34/><D34/><U98/><E98/><V127/><F93/><W21/><G92/><T27/><AGARI ba="1,2" hai="23,27,31,43,47,49,62,63,82,85,90,100,101,102" machi="27" ten="30,7900,0" yaku="1,1,0,1,8,1,52,1,53,0" doraHai="38" doraHaiUra="55" who="0" fromWho="0" sc="230,102,270,-40,240,-21,240,-21" /><INIT seed="2,0,0,5,5,14" ten="332,230,219,219" oya="2" hai0="21,127,9,4,45,74,66,135,122,3,81,110,129" hai1="61,134,54,23,26,49,55,64,38,105,103,34,125" hai2="115,70,48,51,57,18,77,30,56,130,19,119,71" hai3="5,59,97,60,133,99,58,12,13,82,101,41,0"/><V43/><F30/><W52/><G133/><T67/><D122/><U96/><E134/><V121/><F121/><W92/><G41/><T47/><D110/><U73/><E125/><V108/><F43/><W128/><BYE who="1" /><G128/><UN n1="%E9%BA%BB%E9%9B%80%E7%A0%94%E7%A9%B6%E9%83%A8" /><T90/><D135/><U25/><E38/><V20/><F108/><W32/><G32/><T29/><D127/><U78/><E34/><V102/><F20/><W63/><G82/><T24/><D129/><U89/><E89/><V2/><F130/><W84/><G84/><T80/><D80/><U104/><E78/><V76/><F102/><W109/><G109/><T39/><D47/><U112/><E73/><V86/><F86/><W6/><G0/><T8/><D8/><U106/><E26/><V117/><REACH who="2" step="1"/><F2/><REACH who="2" ten="332,230,209,219" step="2"/><W111/><G111/><T35/><D29/><U44/><E112/><AGARI ba="0,1" hai="18,19,48,51,56,57,70,71,76,77,112,115,117,119" machi="112" ten="25,18000,2" yaku="1,1,2,1,22,2,52,2,53,0" doraHai="14" doraHaiUra="69" who="2" fromWho="1" sc="332,0,230,-180,209,190,219,0" /><INIT seed="2,1,0,1,4,109" ten="332,50,399,219" oya="2" hai0="124,115,33,40,50,60,58,6,34,43,94,73,59" hai1="114,125,83,79,15,56,84,131,12,27,4,23,46" hai2="16,66,102,130,0,62,123,41,69,112,119,98,81" hai3="111,26,20,128,77,14,110,45,10,72,135,85,1"/><V65/><F119/><W88/><G1/><T75/><D124/><U70/><E70/><V31/><F123/><W42/><G72/><T35/><D6/><U105/><E125/><V99/><F0/><W18/><G77/><T9/><D9/><U57/><E131/><V36/><F130/><W64/><G64/><T116/><D116/><U118/><E118/><V5/><F5/><W55/><G135/><T47/><D40/><U71/><E71/><V21/><F31/><W78/><G78/><T89/><D59/><U121/><E121/><V92/><F66/><W127/><G127/><T96/><REACH who="0" step="1"/><D115/><REACH who="0" ten="322,50,399,219" step="2"/><U90/><E114/><V104/><F112/><W24/><G128/><T11/><D11/><U101/><E46/><V120/><F120/><W39/><G55/><AGARI ba="1,1" hai="33,34,35,43,47,50,55,58,60,73,75,89,94,96" machi="55" ten="40,1300,0" yaku="1,1,53,0" doraHai="109" doraHaiUra="126" who="0" fromWho="3" sc="322,26,50,0,399,0,219,-16" /><INIT seed="3,0,0,0,3,23" ten="348,50,399,203" oya="3" hai0="65,104,128,21,64,43,6,131,115,79,135,35,118" hai1="24,132,9,76,98,95,86,120,8,85,116,11,97" hai2="47,101,57,93,75,121,123,17,87,102,124,125,37" hai3="111,82,54,33,88,62,99,32,39,119,113,60,13"/><W91/><G113/><T29/><D118/><U38/><E132/><V59/><F75/><W72/><G39/><T69/><D135/><U127/><E120/><N who="2" m="46155" /><F37/><W94/><G119/><T56/><D43/><U96/><E127/><N who="2" m="48715" /><F47/><W83/><G111/><T51/><D6/><U133/><E133/><V130/><F130/><W15/><G54/><T44/><D79/><U61/><E38/><V36/><F36/><W22/><G22/><T14/><D56/><N who="2" m="21578" /><F17/><W70/><G70/><T18/><D115/><U66/><E116/><V107/><F107/><W52/><G52/><N who="0" m="29799" /><D104/><U19/><E76/><V78/><F93/><W103/><G72/><T0/><D69/><U34/><E95/><V92/><F92/><W50/><G94/><T73/><D73/><U4/><E4/><V49/><F49/><W5/><G5/><T114/><D114/><U80/><E80/><AGARI ba="0,0" hai="78,80,87,101,102" m="21578,48715,46155" machi="80" ten="40,2600,0" yaku="13,1,18,1" doraHai="23" who="2" fromWho="1" sc="348,0,50,-26,399,26,203,0" /><INIT seed="4,0,0,4,1,76" ten="348,24,425,203" oya="0" hai0="85,84,130,111,20,107,83,2,26,81,79,95,3" hai1="36,125,14,17,44,9,13,70,99,69,16,48,42" hai2="77,119,110,96,60,72,7,112,101,41,5,47,103" hai3="134,106,131,91,105,57,67,61,126,90,25,116,108"/><T98/><D130/><U133/><E125/><V104/><F110/><W97/><G116/><T32/><D32/><U135/><E99/><V23/><F112/><W40/><G108/><T27/><D107/><U51/><E36/><V33/><F33/><W109/><G109/><T113/><D111/><U38/><E38/><V120/><F120/><W132/><G40/><T86/><D113/><U58/><E58/><V43/><F101/><W102/><G106/><T65/><D65/><U89/><E89/><V22/><F41/><W71/><G126/><T29/><D26/><U94/><E94/><V10/><F60/><W115/><G115/><T49/><D49/><U63/><E63/><V62/><F62/><W93/><G57/><T74/><REACH who="0" step="1"/><D83/><REACH who="0" ten="338,24,425,203" step="2"/><U128/><E128/><V4/><F119/><W45/><G131/><T0/><D0/><U88/><E88/><AGARI ba="0,1" hai="2,3,20,27,29,74,79,81,84,85,86,88,95,98" machi="88" ten="40,7700,0" yaku="1,1,52,1,54,1,53,0" doraHai="76" doraHaiUra="31" who="0" fromWho="1" sc="338,87,24,-77,425,0,203,0" owari="425,52.0,-53,-55.0,425,23.0,203,-20.0" /></mjloggm>