<mjloggm ver="2.3"><GO type="169" lobby="0"/><UN n0="%54%2F%4E" n1="%E5%A4%A7%E5%9E%8B%E7%8A%AC" n2="%E8%B5%A4%E5%9D%82%E3%83%86%E3%83%B3%E3%83%91%E3%82%A4" n3="%E3%81%8A%E3%81%98%E3%81%95%E3%82%93" dan="17,16,16,18" rate="2180.22,2109.87,2090.66,2229.86" sx="M,M,M,M"/><TAIKYOKU oya="0"/><INIT seed="0,0,0,2,5,124" ten="250,250,250,250" oya="0" hai0="111,31,102,64,72,95,65,50,47,39,80,45,60" hai1="84,20,77,58,15,86,107,10,108,26,89,41,34" hai2="8,85,12,6,40,130,73,3,35,87,76,21,116" hai3="5,4,17,112,67,117,119,1,113,98,24,2,127"/><T66/><D39/><U53/><E108/><V79/><F35/><W63/><G98/><T131/><D72/><U101/><E34/><V115/><F115/><N who="3" m="44107" /><G63/><T46/><D111/><U36/><E107/><V19/><F79/><W59/><G59/><T57/><D31/><U126/><E101/><V7/><F7/><N who="3" m="2635" /><G67/><N who="0" m="25675" /><D131/><U103/><E103/><V82/><F116/><N who="3" m="44619" /><G127/><T55/><D80/><U134/><E126/><V51/><F51/><W109/><G109/><T61/><D95/><U48/><E77/><V97/><F97/><W118/><N who="3" m="44627" /><W128/><DORA hai="110" /><G128/><T37/><D37/><U16/><E36/><V121/><F130/><W91/><G91/><T100/><D100/><U88/><E41/><V68/><F68/><W23/><AGARI ba="0,0" hai="1,2,17,23,24" m="44627,2635,44107" machi="23" ten="50,8000,1" yaku="34,2,52,3" doraHai="124,110" who="3" fromWho="3" sc="250,-40,250,-20,250,-20,250,80" /><INIT seed="1,0,0,3,0,77" ten="210,230,230,330" oya="1" hai0="87,15,35,106,74,7,86,75,57,133,66,46,56" hai1="76,91,28,82,39,114,12,0,119,62,19,21,58" hai2="115,65,103,43,97,24,126,125,122,52,83,131,120" hai3="69,98,9,54,67,105,71,4,124,36,32,108,59"/><U109/><E114/><V72/><F43/><W16/><G32/><T30/><D106/><U132/><E119/><V95/><F65/><W78/><G36/><T11/><D35/><U94/><E0/><V70/><F70/><W111/><G67/><T13/><D30/><U49/><E39/><V1/><F1/><N who="3" m="143" /><G16/><T110/><D133/><U113/><E113/><V29/><F131/><W60/><G78/><T81/><D46/><U130/><E132/><V128/><F128/><W50/><G50/><T41/><D41/><U48/><E109/><N who="3" m="42058" /><G124/><N who="2" m="47721" /><F115/><W23/><G23/><T93/><D13/><U45/><E28/><V134/><F134/><W20/><G20/><T135/><D110/><U121/><E130/><V99/><F24/><W22/><G22/><T117/><D117/><U85/><E45/><V38/><F38/><W18/><G18/><T118/><D118/><U79/><E79/><N who="2" m="44519" /><F29/><W44/><G44/><T92/><D66/><U8/><E8/><V31/><F31/><W127/><G127/><T73/><D135/><U129/><E129/><V17/><F17/><W100/><AGARI ba="0,0" hai="54,59,60,69,71,98,100,105" m="42058,143" machi="100" ten="30,1100,0" yaku="14,1" doraHai="77" who="3" fromWho="3" sc="210,-3,230,-5,230,-3,330,11" /><INIT seed="2,0,0,3,0,43" ten="207,225,227,341" oya="2" hai0="103,69,81,121,122,29,59,9,5,34,24,85,13" hai1="21,27,44,111,4,8,22,23,83,42,133,56,2" hai2="126,49,25,32,100,79,70,88,72,63,130,11,123" hai3="48,51,47,97,16,31,80,120,86,134,35,94,71"/><V92/><F123/><W107/><G120/><T102/><D69/><U38/><E111/><V53/><F100/><W109/><G71/><T7/><D103/><U101/><E133/><V64/><F11/><W50/><G107/><T116/><D116/><U19/><E101/><V135/><F135/><W76/><G134/><T113/><D113/><U28/><E56/><V84/><F126/><W131/><G131/><T54/><D5/><U57/><E57/><V74/><F79/><W52/><G109/><T106/><D102/><U117/><E117/><V110/><F130/><W26/><G16/><T105/><D106/><U45/><E45/><V68/><F68/><W125/><G125/><T12/><D12/><U89/><E89/><AGARI ba="0,0" hai="26,31,35,47,48,50,51,52,76,80,86,89,94,97" machi="89" ten="30,3900,0" yaku="7,1,52,1,54,1" doraHai="43" who="3" fromWho="1" sc="207,0,225,-39,227,0,341,39" /><INIT seed="3,0,0,4,4,63" ten="207,186,227,380" oya="3" hai0="76,70,135,82,100,67,13,134,83,96,4,114,48" hai1="8,17,22,52,68,44,86,125,16,99,55,34,51" hai2="11,32,133,30,2,73,131,71,78,7,94,10,122" hai3="43,102,49,109,1,119,59,75,6,21,124,120,14"/><W33/><G75/><T98/><D114/><U35/><E68/><V79/><F94/><W85/><G120/><T90/><D48/><U41/><E125/><V36/><F71/><W9/><G124/><T126/><D126/><U91/><E99/><V80/><F79/><W128/><G128/><T107/><D4/><U129/><E129/><V25/><F11/><W104/><G33/><T61/><D13/><N who="1" m="7207" /><E35/><V111/><F131/><W95/><G104/><T3/><D3/><U0/><E0/><V84/><F84/><W56/><G85/><T5/><D5/><U58/><E58/><V62/><F62/><W45/><G59/><T18/><D18/><U123/><E34/><V77/><F77/><W27/><G56/><T12/><D12/><N who="1" m="9511" /><E123/><V19/><F122/><W50/><G1/><T127/><D127/><U64/><E64/><V31/><F31/><W89/><G14/><T117/><D98/><U132/><E132/><V26/><F133/><W113/><G9/><T29/><D29/><U130/><E130/><V87/><F36/><W66/><G21/><T65/><D70/><U60/><E60/><V38/><F38/><W57/><G6/><T105/><D105/><U74/><E74/><V97/><F97/><W46/><G113/><T28/><D135/><U93/><AGARI ba="0,0" hai="41,44,51,52,55,86,91,93" m="9511,7207" machi="93" ten="30,4000,0" yaku="8,1,54,2" doraHai="63" who="1" fromWho="1" sc="207,-10,186,40,227,-10,380,-20" /><INIT seed="4,0,0,0,2,93" ten="197,226,217,360" oya="0" hai0="24,69,52,26,60,94,88,116,44,38,53,120,73" hai1="117,131,59,1,72,47,65,114,20,107,25,110,14" hai2="98,121,21,29,18,68,66,90,45,15,32,51,78" hai3="16,19,17,31,123,50,34,113,77,82,126,125,61"/><T80/><D120/><U48/><E1/><V11/><F121/><W63/><G123/><T40/><D116/><U134/><E110/><V12/><F68/><W64/><G113/><T13/><D13/><U119/><E131/><V97/><F32/><W79/><G50/><T37/><D37/><U101/><E72/><V95/><F66/><W22/><G34/><T111/><D111/><U96/><E134/><V8/><F78/><N who="3" m="29707" /><G82/><T115/><D115/><U129/><E129/><V76/><F76/><W109/><G109/><T9/><D80/><U54/><E14/><V112/><F112/><W67/><G31/><T5/><D73/><U135/><E135/><V100/><F29/><W132/><G22/><T75/><D75/><U118/><E114/><V56/><F56/><W104/><G104/><T7/><D69/><U36/><E65/><N who="3" m="25162" /><G132/><T57/><D53/><U105/><E36/><V62/><F62/><AGARI ba="0,0" hai="16,17,19,61,62,63,125,126" m="25162,29707" machi="62" ten="40,5200,0" yaku="28,2,54,1" doraHai="93" who="3" fromWho="2" sc="197,0,226,0,217,-52,360,52" /><INIT seed="5,0,0,1,4,20" ten="197,226,165,412" oya="1" hai0="104,96,113,86,106,102,55,94,45,79,8,62,52" hai1="65,50,120,71,21,57,116,28,77,32,49,68,10" hai2="67,48,53,54,58,63,108,9,12,59,78,80,122" hai3="42,101,18,109,44,2,11,5,25,40,92,69,119"/><U112/><E116/><V124/><F122/><W132/><G69/><T15/><D113/><U105/><E120/><V61/><F124/><W123/><G109/><T111/><D111/><U91/><E105/><V73/><F108/><W88/><G101/><T31/><D55/><U130/><E77/><V1/><F1/><W84/><G132/><T107/><D31/><U85/><E32/><V90/><F90/><W33/><G123/><T98/><D79/><U114/><E10/><V72/><F72/><W43/><G119/><T70/><D86/><U17/><E28/><V115/><F115/><N who="1" m="44073" /><E130/><V74/><F74/><W60/><G60/><T129/><D129/><U125/><E125/><V128/><F128/><W22/><REACH who="3" step="1"/><G44/><REACH who="3" ten="197,226,165,402" step="2"/><T95/><D70/><U14/><E68/><V97/><F97/><W135/><G135/><T4/><D107/><U117/><E71/><V134/><F134/><W76/><G76/><T131/><D131/><U38/><E117/><V19/><F67/><W37/><G37/><T126/><D126/><U35/><E38/><V34/><F48/><W36/><G36/><T29/><D45/><U118/><E118/><V30/><F34/><AGARI ba="0,1" hai="2,5,11,18,22,25,33,34,40,42,43,84,88,92" machi="34" ten="40,5200,0" yaku="1,1,52,1,54,1,53,0" doraHai="20" doraHaiUra="27" who="3" fromWho="2" sc="197,0,226,0,165,-52,402,62" /><INIT seed="6,0,0,1,3,60" ten="197,226,113,464" oya="2" hai0="77,34,112,115,111,98,39,6,134,79,87,21,116" hai1="132,82,12,47,5,86,54,0,130,18,32,48,99" hai2="119,71,93,23,69,106,78,120,22,68,33,102,43" hai3="25,84,80,81,122,67,53,124,3,117,128,13,125"/><V64/><F119/><W42/><G3/><T56/><D34/><U70/><E32/><V94/><F120/><W109/><G42/><T61/><D111/><U73/><E73/><V8/><F33/><W49/><G67/><T30/><D39/><U11/><E70/><V14/><F43/><W101/><G101/><T19/><D6/><U37/><E37/><V1/><F1/><W108/><G81/><T10/><D134/><U58/><E130/><V110/><F110/><W50/><G50/><T31/><D98/><U44/><E99/><V76/><F106/><W91/><G117/><T59/><D59/><U28/><E28/><N who="0" m="10793" /><D10/><U20/><E132/><V103/><F64/><W65/><G13/><N who="0" m="9455" /><D87/><U36/><E36/><V123/><F123/><W4/><G91/><AGARI ba="0,0" hai="0,5,11,12,18,20,44,47,48,54,58,82,86,91" machi="91" ten="30,1000,0" yaku="7,1" doraHai="60" who="1" fromWho="3" sc="197,0,226,10,113,0,464,-10" /><INIT seed="7,0,0,0,3,63" ten="197,236,113,454" oya="3" hai0="96,47,26,105,135,118,72,95,65,102,36,64,35" hai1="22,83,119,33,104,120,4,80,90,48,50,106,116" hai2="62,70,14,98,114,111,24,27,30,117,40,23,15" hai3="20,38,87,126,32,74,41,17,84,6,108,37,67"/><W52/><G32/><T59/><D118/><N who="1" m="45099" /><E33/><V66/><F117/><W128/><G87/><T31/><D72/><U3/><E120/><V107/><F111/><W45/><G84/><T73/><D73/><U91/><E22/><V112/><F40/><W18/><G20/><T61/><D135/><U121/><E4/><V0/><F0/><W76/><G41/><T113/><D113/><U99/><E3/><V71/><F71/><W132/><G45/><T44/><D36/><U134/><E121/><V51/><F51/><N who="1" m="19497" /><E134/><V123/><F123/><W19/><G76/><T25/><D25/><U12/><E12/><V69/><F69/><W77/><G77/><T94/><REACH who="0" step="1"/><D65/><REACH who="0" ten="187,236,113,454" step="2"/><U92/><E90/><V100/><REACH who="2" step="1"/><F27/><REACH who="2" ten="187,236,103,454" step="2"/><W34/><G74/><T122/><D122/><U124/><E124/><V49/><F49/><W125/><G125/><T8/><D8/><U2/><E2/><V103/><F103/><W57/><G126/><T55/><D55/><U86/><E91/><V46/><F46/><AGARI ba="0,2" hai="26,31,35,44,46,47,59,61,64,94,95,96,102,105" machi="46" ten="40,2600,0" yaku="1,1,52,1,53,0" doraHai="63" doraHaiUra="129" who="0" fromWho="2" sc="187,46,236,0,103,-26,454,0" owari="233,-17.0,236,4.0,77,-42.0,454,55.0" /></mjloggm>