<mjloggm ver="2.3"><GO type="169" lobby="0"/><UN n0="%E3%83%94%E3%83%B3%E3%82%BA%E3%82%AB%E3%83%BC%E3%82%BF%E3%83%BC" n1="%E3%83%A8%E3%82%B7%E3%83%AF" n2="%42%65%6E%63%68%69%6E%67" n3="%E3%81%9F%E3%81%91%E3%81%B4%E3%83%BC%40%55%4E%50" dan="16,16,18,17" rate="2134.98,2120.67,2238.84,2158.88" sx="M,M,M,M"/><TAIKYOKU oya="0"/><INIT seed="0,0,0,3,4,132" ten="250,250,250,250" oya="0" hai0="44,70,117,99,16,125,60,78,64,11,48,123,72" hai1="31,79,45,126,74,35,41,57,51,40,87,19,47" hai2="116,67,63,36,6,129,121,59,119,42,34,17,80" hai3="130,23,95,108,55,5,83,53,12,93,81,82,49"/><T52/><D123/><U114/><E114/><V0/><F34/><W37/><G37/><T20/><D117/><N who="2" m="45130" /><F17/><W56/><G108/><T2/><D125/><U10/><E74/><V120/><F80/><W33/><G33/><T133/><D133/><U30/><E57/><V24/><F24/><W122/><G130/><T66/><D66/><U54/><E35/><V100/><F100/><W61/><G122/><N who="2" m="47209" /><F6/><W50/><G61/><T75/><D99/><U14/><E126/><V58/><F0/><W97/><G97/><T3/><D78/><U84/><E79/><V104/><F104/><W101/><G101/><T73/><REACH who="0" step="1"/><D11/><REACH who="0" ten="240,250,250,250" step="2"/><U106/><E106/><V86/><F129/><W7/><G5/><T128/><D128/><U15/><E10/><V43/><F86/><W68/><G7/><T69/><D69/><U9/><E84/><V85/><F85/><W107/><G68/><T71/><D71/><U115/><E87/><V65/><F36/><W134/><G134/><T92/><D92/><U26/><E9/><V38/><F38/><W27/><G107/><T112/><D112/><U46/><E115/><V89/><F89/><W76/><G76/><T98/><D98/><U8/><E8/><V88/><F88/><W113/><G113/><T21/><D21/><N who="1" m="13631" /><E41/><V109/><F109/><W29/><G93/><T110/><D110/><U28/><E40/><N who="2" m="15403" /><F67/><W96/><G96/><T1/><D1/><U62/><E54/><V32/><F32/><W77/><G77/><T103/><D103/><U25/><E25/><AGARI ba="0,1" hai="2,3,16,20,25,44,48,52,60,64,70,72,73,75" machi="25" ten="40,12000,1" yaku="1,1,54,2,53,1" doraHai="132" doraHaiUra="13" who="0" fromWho="1" sc="240,130,250,-120,250,0,250,0" /><INIT seed="0,1,0,1,3,25" ten="370,130,250,250" oya="0" hai0="3,96,2,63,82,103,114,41,49,100,127,34,37" hai1="44,47,87,119,5,68,121,130,117,53,112,123,18" hai2="59,95,6,58,90,113,75,108,92,30,39,84,35" hai3="116,66,31,64,9,14,29,133,23,26,76,85,45"/><T70/><D114/><U51/><E87/><V62/><F113/><W8/><G116/><N who="1" m="44618" /><E18/><V61/><F39/><W65/><G133/><T94/><D34/><U69/><E5/><V91/><F108/><W81/><G45/><N who="1" m="17482" /><E112/><V109/><F109/><W83/><G14/><T86/><D103/><U124/><E124/><V128/><F128/><W27/><REACH who="3" step="1"/><G83/><REACH who="3" ten="370,130,250,240" step="2"/><T79/><D82/><U102/><E102/><V73/><F6/><W125/><G125/><T16/><D100/><U89/><E89/><V101/><F101/><W28/><G28/><T132/><D127/><U105/><E105/><V131/><F131/><W22/><AGARI ba="1,1" hai="8,9,22,23,26,27,29,31,64,65,66,76,81,85" machi="22" ten="30,16000,3" yaku="1,1,0,1,9,1,8,1,52,2,53,2" doraHai="25" doraHaiUra="7" who="3" fromWho="3" sc="370,-81,130,-41,250,-41,240,173" /><INIT seed="1,0,0,3,5,122" ten="289,89,209,413" oya="1" hai0="27,39,126,48,17,47,105,32,88,0,83,46,128" hai1="51,29,2,130,1,76,30,28,24,53,34,37,86" hai2="60,57,102,8,135,104,35,42,78,127,64,12,68" hai3="120,41,134,33,91,129,108,121,123,6,115,72,62"/><U49/><E130/><V52/><F127/><W82/><G33/><T19/><D126/><U10/><E37/><V61/><F135/><W25/><G25/><T14/><D128/><U9/><E34/><V67/><F35/><W79/><G129/><T55/><D0/><U44/><E24/><V119/><F119/><W96/><G41/><T90/><D105/><U23/><E23/><V116/><F116/><W93/><G6/><T71/><D71/><U45/><E76/><V124/><F124/><W132/><G62/><T11/><D83/><U40/><REACH who="1" step="1"/><E86/><REACH who="1" ten="289,79,209,413" step="2"/><V16/><F78/><W5/><G115/><T131/><D131/><U107/><E107/><V89/><F104/><W95/><G132/><T94/><D39/><U97/><E97/><V20/><F20/><W125/><G134/><T133/><D32/><U69/><E69/><V100/><F42/><W109/><G125/><T70/><D70/><U56/><E56/><V65/><F68/><W75/><G72/><T114/><D114/><U112/><E112/><V113/><F113/><W101/><G5/><T92/><D133/><U50/><E50/><V18/><F60/><W111/><G121/><T21/><D46/><U99/><E99/><AGARI ba="0,1" hai="75,79,82,91,93,95,96,99,101,108,109,111,120,123" machi="99" ten="40,12000,2" yaku="14,1,34,3,52,3" doraHai="122" who="3" fromWho="1" sc="289,0,79,-120,209,0,413,130" owari="289,9.0,-41,-54.0,209,-19.0,543,64.0" /></mjloggm>