<mjloggm ver="2.3"><GO type="169" lobby="0"/><UN n0="%E3%82%B9%E3%82%AB%E3%83%BC%E3%83%AC%E3%83%83%E3%83%88" n1="%E3%82%B9%E3%83%86%E3%82%A3%E3%83%AB%E3%82%A4%E3%83%B3%E3%83%A9%E3%83%B4" n2="%E7%8E%8B%E5%B0%8F%E8%8A%B1" n3="%E3%81%B5%E3%81%98%E3%81%8A" dan="16,16,16,16" rate="2109.64,2032.18,2102.86,2109.17" sx="M,M,M,M"/><TAIKYOKU oya="0"/><INIT seed="0,0,0,2,2,51" ten="250,250,250,250" oya="0" hai0="53,27,15,4,126,23,101,8,73,117,114,109,79" hai1="119,89,10,84,1,103,110,72,91,9,57,40,48" hai2="135,35,26,127,112,59,6,118,100,121,125,111,52" hai3="115,132,54,88,98,19,5,30,44,77,108,116,75"/><T74/><D114/><U122/><E119/><V130/><F121/><W105/><G115/><T32/><D117/><U55/><E122/><V104/><F112/><W131/><G116/><T113/><D113/><U97/><E110/><V133/><F118/><W56/><G108/><T37/><D109/><U61/><E72/><V11/><F111/><W63/><G132/><N who="2" m="50761" /><F100/><W13/><G131/><T2/><D37/><U58/><E1/><N who="2" m="463" /><F104/><W96/><G5/><T76/><D101/><U38/><E38/><V49/><F130/><W124/><G124/><N who="2" m="47689" /><F26/><W42/><G105/><T64/><D126/><U129/><E129/><V34/><AGARI ba="0,0" hai="34,35,49,52,59" m="47689,463,50761" machi="34" ten="40,8000,1" yaku="20,1,18,1,52,1,54,1" doraHai="51" who="2" fromWho="2" sc="250,-40,250,-20,250,80,250,-20" /><INIT seed="1,0,0,0,5,44" ten="210,230,330,230" oya="1" hai0="56,53,66,6,116,81,21,46,80,27,97,120,1" hai1="48,70,41,2,57,38,127,73,123,33,76,93,14" hai2="104,28,113,131,20,65,82,86,59,64,51,107,37" hai3="47,9,124,106,92,31,96,49,95,75,36,129,122"/><U74/><E123/><V52/><F37/><W26/><G122/><T68/><D116/><U42/><E33/><V84/><F113/><W60/><G75/><T99/><D120/><U55/><E127/><V128/><F86/><W3/><G124/><T4/><D46/><U130/><E130/><N who="2" m="49707" /><F28/><W58/><G129/><T40/><D40/><U98/><E2/><V90/><F20/><W71/><G71/><T91/><D66/><AGARI ba="0,0" hai="51,52,59,64,65,66,82,84,90,104,107" m="49707" machi="66" ten="30,3900,0" yaku="19,1,52,1,54,1" doraHai="44" who="2" fromWho="0" sc="210,-39,230,0,330,39,230,0" /><INIT seed="2,0,0,4,1,59" ten="171,230,369,230" oya="2" hai0="80,121,71,41,102,92,128,42,119,66,103,63,56" hai1="116,58,22,100,43,89,125,33,19,57,65,36,133" hai2="112,78,39,38,122,88,55,69,72,104,64,17,101" hai3="106,40,18,44,113,1,48,28,93,124,61,47,14"/><V127/><F122/><W132/><G1/><T60/><D121/><U123/><E116/><V67/><F112/><W79/><G106/><T129/><D119/><U97/><E33/><V54/><F127/><W99/><G124/><T118/><D118/><U74/><E123/><V135/><F101/><N who="0" m="38410" /><D80/><U98/><E74/><V108/><F104/><W91/><G113/><T134/><D92/><N who="1" m="58407" /><E36/><V3/><F3/><W84/><G132/><T109/><D134/><U20/><E43/><V73/><F78/><W70/><G28/><T9/><D9/><U5/><E5/><V16/><F135/><W6/><G6/><T30/><D30/><U26/><E65/><V82/><F69/><W83/><G44/><T117/><D117/><U51/><E51/><V11/><F82/><W7/><G7/><T90/><D90/><U25/><E125/><V21/><F11/><W75/><G70/><T0/><D0/><U32/><E32/><V31/><F31/><W10/><REACH who="3" step="1"/><G61/><REACH who="3" ten="171,230,369,220" step="2"/><T96/><D109/><U23/><E133/><V68/><F108/><W52/><G52/><N who="0" m="33799" /><D96/><AGARI ba="0,1" hai="10,14,18,40,47,48,75,79,83,84,91,93,96,99" machi="96" ten="40,2600,0" yaku="1,1,53,1" doraHai="59" doraHaiUra="86" who="3" fromWho="0" sc="171,-26,230,0,369,0,220,36" /><INIT seed="3,0,0,2,1,96" ten="145,230,369,256" oya="3" hai0="85,128,120,10,52,36,19,28,44,43,93,6,63" hai1="24,68,87,62,123,18,67,39,35,116,32,53,126" hai2="61,134,7,59,88,106,48,58,22,1,104,131,31" hai3="17,30,129,40,84,114,99,73,70,41,92,12,15"/><W91/><G114/><T51/><D120/><U115/><E123/><V16/><F31/><W8/><G73/><T103/><D128/><U75/><E75/><V94/><F131/><W60/><G129/><T56/><D28/><U122/><E39/><V97/><F134/><W64/><G30/><T49/><D19/><U69/><E53/><N who="2" m="33999" /><F7/><W37/><G37/><T9/><D9/><U86/><E87/><V0/><F59/><W42/><REACH who="3" step="1"/><G15/><REACH who="3" ten="145,230,369,246" step="2"/><T74/><D74/><U102/><E115/><V57/><F1/><W65/><G65/><T25/><D25/><U23/><E67/><V13/><F0/><W89/><G89/><T119/><D119/><U79/><E116/><V77/><F77/><W46/><G46/><T14/><REACH who="0" step="1"/><D85/><AGARI ba="0,1" hai="8,12,17,40,41,42,60,64,70,84,85,91,92,99" machi="85" ten="40,2000,0" yaku="1,1,53,0" doraHai="96" doraHaiUra="105" who="3" fromWho="0" sc="145,-20,230,0,369,0,246,30" /><INIT seed="3,1,0,0,4,56" ten="125,230,369,276" oya="3" hai0="94,91,69,11,126,125,87,135,50,75,25,109,37" hai1="31,19,14,86,41,39,9,74,70,60,115,42,130" hai2="36,107,57,106,131,7,123,26,23,133,134,121,79" hai3="85,43,34,8,129,128,101,72,110,29,98,4,93"/><W33/><G72/><T32/><D37/><U1/><E115/><V67/><F36/><W90/><G110/><T6/><D75/><U112/><E130/><N who="3" m="50282" /><G43/><T122/><D122/><N who="2" m="46602" /><F131/><W0/><G29/><T108/><D135/><N who="2" m="51722" /><F79/><W21/><G21/><T66/><D50/><U81/><E74/><V15/><F15/><W35/><G35/><T22/><D32/><U64/><E112/><V40/><F40/><W12/><G0/><T52/><D52/><U27/><E1/><V10/><F10/><W46/><G46/><T16/><D69/><U88/><REACH who="1" step="1"/><E39/><REACH who="1" ten="125,220,369,276" step="2"/><V63/><F7/><W77/><G77/><T92/><D108/><U59/><E59/><V99/><F99/><W95/><AGARI ba="1,1" hai="4,8,12,33,34,85,90,93,95,98,101" m="50282" machi="95" ten="30,1500,0" yaku="19,1" doraHai="56" who="3" fromWho="3" sc="125,-6,220,-6,369,-6,276,28" /><INIT seed="3,2,0,5,1,44" ten="119,214,363,304" oya="3" hai0="23,3,40,26,97,75,9,87,124,18,74,61,31" hai1="109,4,92,126,0,112,37,52,2,51,80,25,70" hai2="10,49,103,85,20,89,122,96,102,135,41,94,56" hai3="95,50,30,36,82,131,123,55,39,79,130,104,127"/><W33/><G123/><T117/><D117/><U78/><E112/><V46/><F122/><W16/><G104/><T76/><D124/><U73/><E109/><V81/><F135/><W54/><G127/><T107/><D40/><U118/><E37/><V12/><F20/><W134/><G134/><T15/><D61/><U13/><E70/><V62/><F56/><W63/><G63/><T65/><D65/><U60/><E60/><V66/><F66/><W48/><G95/><T35/><D87/><U53/><E25/><V24/><F24/><W1/><G1/><T128/><D76/><U57/><E118/><V132/><F132/><W119/><G119/><T32/><D32/><U115/><E53/><V100/><REACH who="2" step="1"/><F62/><REACH who="2" ten="119,214,353,304" step="2"/><W125/><G125/><T120/><D120/><U105/><E126/><V113/><F113/><W38/><G33/><T21/><D21/><U69/><E69/><V108/><F108/><W7/><G30/><T133/><D133/><U64/><E64/><V8/><F8/><W116/><G116/><T83/><D9/><U121/><E115/><V71/><F71/><W68/><G68/><T77/><D23/><U101/><E121/><V11/><F11/><W5/><G5/><AGARI ba="2,1" hai="5,10,12,41,46,49,81,85,89,94,96,100,102,103" machi="5" ten="30,7700,0" yaku="1,1,7,1,8,1,52,1,53,0" doraHai="44" doraHaiUra="27" who="2" fromWho="3" sc="119,0,214,0,353,93,304,-83" /><INIT seed="4,0,0,4,1,17" ten="119,214,446,221" oya="0" hai0="112,95,98,97,7,48,83,47,126,34,100,69,84" hai1="119,106,127,4,41,68,129,131,20,38,72,76,2" hai2="61,30,132,79,64,73,121,33,117,3,88,25,66" hai3="37,105,6,12,102,80,50,111,18,118,74,46,45"/><T128/><D69/><U91/><E119/><V65/><F121/><W124/><G118/><T122/><D34/><U53/><E91/><V99/><F3/><W113/><G111/><T89/><D122/><U92/><E92/><V75/><F117/><W1/><G113/><T15/><D112/><U8/><E53/><V9/><F9/><W81/><G124/><T87/><D126/><U51/><E51/><V31/><F31/><W29/><G29/><T135/><D128/><U21/><E106/><V62/><F132/><W123/><G123/><T63/><D135/><U107/><E107/><V14/><F14/><W67/><G67/><T26/><D63/><U96/><E96/><V5/><F5/><W10/><G74/><T134/><D134/><U114/><E68/><V130/><F130/><N who="1" m="49673" /><E127/><V60/><F79/><W39/><G45/><T93/><D26/><U133/><E114/><V103/><REACH who="2" step="1"/><F88/><REACH who="2" ten="119,214,436,221" step="2"/><W109/><G109/><T56/><D7/><U94/><E133/><V32/><F32/><W108/><G108/><T19/><D97/><U77/><E77/><V28/><F28/><W22/><G81/><T101/><D83/><N who="1" m="45447" /><E94/><AGARI ba="0,1" hai="25,30,33,60,61,62,64,65,66,73,75,94,99,103" machi="94" ten="40,5200,0" yaku="1,1,53,2" doraHai="17" doraHaiUra="104" who="2" fromWho="1" sc="119,0,214,-52,436,62,221,0" /><INIT seed="5,0,0,2,3,70" ten="119,162,498,221" oya="1" hai0="32,109,93,80,6,94,64,30,38,10,99,111,73" hai1="2,55,76,122,92,20,108,13,88,24,29,25,51" hai2="71,96,107,77,63,54,44,23,89,9,5,95,26" hai3="131,100,52,48,101,11,129,91,17,58,15,37,1"/><U36/><E122/><V119/><F119/><W45/><G1/><T118/><D118/><U62/><E2/><V87/><F107/><W114/><G114/><T42/><D64/><U19/><E36/><V69/><F44/><W67/><G91/><T4/><D30/><U61/><E76/><V84/><F84/><W97/><BYE who="2" /><G67/><T57/><D32/><UN n2="%E7%8E%8B%E5%B0%8F%E8%8A%B1" /><U132/><E132/><V12/><F77/><W105/><REACH who="3" step="1"/><G101/><REACH who="3" ten="119,162,498,211" step="2"/><T86/><D111/><U22/><E108/><V98/><F71/><W120/><G120/><T128/><D109/><U130/><E130/><V43/><F69/><W16/><G16/><T74/><D128/><U65/><E65/><V14/><F14/><W56/><G56/><T124/><D57/><N who="1" m="33023" /><E13/><V116/><F116/><W123/><G123/><T27/><D4/><U50/><E50/><V3/><F3/><W28/><G28/><T90/><D6/><U102/><E102/><V115/><F115/><W47/><G47/><T85/><D90/><U18/><E29/><V39/><F12/><W83/><G83/><T40/><D80/><U135/><E135/><V0/><F89/><W21/><G21/><T134/><D134/><U41/><E41/><AGARI ba="0,1" hai="11,15,17,37,41,45,48,52,58,97,100,105,129,131" machi="41" ten="40,5200,0" yaku="1,1,52,1,54,1,53,0" doraHai="70" doraHaiUra="66" who="3" fromWho="1" sc="119,0,162,-52,498,0,211,62" /><INIT seed="6,0,0,4,5,129" ten="119,110,498,273" oya="2" hai0="126,78,59,91,114,0,23,68,40,7,35,70,1" hai1="130,25,71,6,17,56,53,87,120,94,57,116,79" hai2="22,64,44,76,111,41,47,101,37,110,34,45,132" hai3="28,84,103,20,107,67,81,80,54,33,128,95,29"/><V99/><F34/><W8/><G128/><T109/><D109/><N who="2" m="41482" /><F76/><W102/><G107/><T32/><D78/><U85/><E116/><V82/><F82/><W13/><G33/><N who="0" m="12875" /><D40/><U134/><E71/><N who="0" m="27177" /><D59/><U15/><E6/><V115/><F115/><W123/><G123/><T5/><D23/><U108/><E108/><V65/><F22/><W14/><G67/><N who="2" m="25673" /><F132/><W27/><G29/><T98/><D98/><U3/><E130/><V2/><F2/><N who="0" m="1130" /><D91/><U92/><E3/><V46/><F46/><W73/><G14/><T11/><D11/><U38/><E15/><V21/><F21/><W55/><G81/><T26/><D26/><U48/><E79/><V4/><F4/><N who="0" m="1610" /><D114/><U105/><E25/><V18/><F18/><W122/><G95/><AGARI ba="0,0" hai="37,41,44,45,47,95,99,101" m="25673,41482" machi="95" ten="30,1500,0" yaku="10,1" doraHai="129" who="2" fromWho="3" sc="119,0,110,0,498,15,273,-15" /><INIT seed="6,1,0,3,0,62" ten="119,110,513,258" oya="2" hai0="124,30,26,61,123,87,9,65,93,95,97,77,50" hai1="127,23,11,117,22,64,3,103,39,96,76,28,58" hai2="40,108,66,134,115,106,52,78,105,56,131,18,10" hai3="119,82,113,130,109,4,70,41,132,54,25,114,34"/><V68/><F78/><W35/><G119/><T118/><D123/><U37/><E117/><V83/><F83/><W128/><G109/><T74/><D118/><U69/><E127/><V110/><F115/><N who="3" m="44043" /><G132/><T2/><D124/><U90/><E69/><V57/><F57/><W51/><G4/><T13/><D74/><U21/><E28/><V107/><F40/><W120/><G120/><T27/><D2/><U53/><E64/><V86/><F86/><W31/><G70/><T20/><D50/><U5/><E90/><V112/><F112/><W67/><G41/><T91/><D26/><U122/><E76/><V6/><F18/><W104/><G104/><T84/><D77/><U125/><E125/><V33/><F134/><W85/><G67/><T0/><D0/><U1/><E1/><V8/><F6/><W92/><G92/><T43/><D93/><U126/><E122/><V47/><F68/><W98/><G98/><T14/><D43/><U71/><E71/><V75/><F66/><W44/><G35/><T24/><D24/><U63/><REACH who="1" step="1"/><E126/><REACH who="1" ten="119,100,513,258" step="2"/><V80/><F110/><W16/><G31/><T135/><D135/><U99/><E99/><V45/><F108/><W38/><G34/><T17/><D13/><U73/><E73/><V88/><F33/><W111/><G111/><T42/><D42/><U121/><E121/><V32/><F32/><W15/><G15/><T72/><D72/><U89/><E89/><V116/><F88/><N who="3" m="51255" /><G38/><T79/><D79/><U29/><E29/><V102/><F116/><W12/><G12/><T133/><D133/><U48/><E48/><RYUUKYOKU ba="1,1" sc="119,10,100,10,513,-30,258,10" hai0="9,14,17,20,27,30,61,65,84,87,91,95,97" hai1="3,5,11,21,22,23,37,39,53,58,63,96,103" hai3="16,25,44,51,54,128,130" /><INIT seed="7,2,1,4,4,52" ten="129,110,483,268" oya="3" hai0="61,77,130,24,104,31,131,48,35,116,115,76,133" hai1="88,92,17,74,70,59,114,124,81,18,69,36,46" hai2="37,54,16,25,5,45,125,0,22,64,79,34,57" hai3="90,99,87,55,23,85,50,113,100,75,80,9,112"/><W65/><G75/><T97/><D116/><U86/><E114/><N who="3" m="44138" /><G23/><T12/><D133/><U28/><E124/><V1/><F34/><W101/><G65/><T6/><D115/><U109/><E109/><V105/><F64/><W66/><G66/><T108/><D108/><U119/><E59/><V89/><F125/><W67/><G67/><T11/><D48/><U15/><E119/><V98/><F22/><W47/><G99/><T13/><D61/><U2/><E2/><V4/><F98/><W78/><G9/><T43/><D43/><U44/><E28/><V122/><F25/><W94/><AGARI ba="2,1" hai="47,50,55,78,80,85,87,90,94,100,101" m="44138" machi="94" ten="30,1500,0" yaku="15,1" doraHai="52" who="3" fromWho="3" sc="129,-7,110,-7,483,-7,268,31" /><INIT seed="7,3,0,4,2,70" ten="122,103,476,299" oya="3" hai0="24,7,31,9,85,109,82,49,18,33,3,39,44" hai1="61,23,91,108,55,54,37,0,124,99,21,58,47" hai2="114,46,26,100,13,52,97,83,88,130,10,117,27" hai3="34,12,1,43,57,36,120,64,16,60,95,93,45"/><W69/><G120/><T8/><D109/><U105/><E108/><V71/><F114/><W127/><G1/><T14/><D39/><U75/><E0/><V125/><F125/><W22/><G127/><T107/><D107/><U81/><E124/><V102/><F130/><W51/><G34/><T131/><D131/><U86/><E75/><V68/><F68/><W15/><G15/><T96/><D96/><U67/><E105/><V50/><F71/><W2/><G2/><T121/><D121/><U118/><E99/><V129/><F129/><W30/><G30/><T116/><D116/><U77/><E77/><V66/><F66/><BYE who="2" /><W113/><G113/><T4/><D4/><UN n2="%E7%8E%8B%E5%B0%8F%E8%8A%B1" /><U40/><REACH who="1" step="1"/><E118/><REACH who="1" ten="122,93,476,299" step="2"/><V84/><F117/><W104/><G104/><T65/><D65/><U19/><E19/><N who="2" m="8631" /><F97/><W63/><REACH who="3" step="1"/><G51/><REACH who="3" ten="122,93,476,289" step="2"/><T133/><D49/><U25/><E25/><AGARI ba="3,2" hai="25,26,27,46,50,52,83,84,88,100,102" m="8631" machi="25" ten="30,7700,0" yaku="25,1,8,1,54,2" doraHai="70" who="2" fromWho="1" sc="122,0,93,-86,476,106,289,0" owari="122,-28.0,7,-49.0,582,68.0,289,9.0" /></mjloggm>