<mjloggm ver="2.3"><GO type="169" lobby="0"/><UN n0="%4E%65%6D%6F" n1="%6B%6F%6D%69" n2="%E6%B2%B3%E7%AB%A5%E3%81%AE%E3%83%AF%E3%82%AB%E3%83%9E%E3%83%84" n3="%E9%BE%8D%E9%96%80%E6%B8%95%E9%80%8F%E8%8F%AF" dan="16,16,18,17" rate="2086.77,2088.97,2245.07,2157.31" sx="M,M,M,F"/><TAIKYOKU oya="0"/><INIT seed="0,0,0,1,1,15" ten="250,250,250,250" oya="0" hai0="28,102,116,78,99,124,52,84,130,71,64,120,42" hai1="12,44,103,31,66,0,53,54,134,96,113,60,112" hai2="22,49,106,89,8,25,129,18,73,32,9,110,46" hai3="57,65,121,35,76,19,30,63,40,109,34,86,123"/><T128/><D116/><U105/><E0/><V87/><F110/><W39/><G109/><T115/><D115/><N who="1" m="44107" /><E134/><V131/><F73/><W111/><G111/><T61/><D120/><N who="3" m="46153" /><G30/><T48/><D124/><U83/><E83/><V50/><F106/><W16/><G40/><T81/><D28/><U33/><E44/><V79/><F79/><W77/><G39/><T23/><D23/><U125/><E125/><V29/><F50/><W17/><G77/><T72/><D42/><U2/><E2/><V13/><F8/><W38/><G38/><T24/><D24/><N who="1" m="18663" /><E12/><V114/><F32/><W67/><G67/><T88/><D72/><U47/><E47/><V1/><F1/><W108/><G108/><T14/><D14/><U43/><E43/><V10/><F10/><W55/><G65/><T45/><REACH who="0" step="1"/><D78/><REACH who="0" ten="240,250,250,250" step="2"/><U26/><E26/><V21/><F21/><W92/><G76/><T122/><D122/><U11/><E11/><V20/><F20/><W4/><G4/><T97/><D97/><U127/><E127/><V101/><F114/><W118/><G118/><T3/><D3/><U104/><E104/><AGARI ba="0,1" hai="45,48,52,61,64,71,81,84,88,99,102,104,128,130" machi="104" ten="40,12000,1" yaku="1,1,54,2,53,1" doraHai="15" doraHaiUra="98" who="0" fromWho="1" sc="240,130,250,-120,250,0,250,0" /><INIT seed="0,1,0,3,4,98" ten="370,130,250,250" oya="0" hai0="117,124,96,29,18,97,92,32,30,80,71,10,28" hai1="101,128,130,134,74,119,35,90,25,118,100,85,83" hai2="14,8,95,23,132,127,106,9,102,16,82,36,59" hai3="60,107,64,37,42,11,78,73,115,22,57,133,7"/><T55/><D117/><N who="1" m="44555" /><E35/><V2/><F132/><W65/><G115/><T121/><D121/><U110/><E25/><V44/><F127/><W38/><G133/><T50/><D124/><U87/><E134/><V116/><F116/><W17/><G107/><T114/><D114/><U112/><E112/><V26/><F106/><W24/><G64/><T3/><D71/><U54/><E74/><V111/><F111/><W62/><G62/><T68/><D68/><U6/><E6/><V131/><F131/><N who="1" m="50217" /><E54/><V103/><F2/><W41/><G38/><T67/><D3/><U135/><E135/><V88/><F82/><W12/><G37/><T123/><D80/><N who="1" m="49447" /><E110/><V108/><F108/><W129/><G73/><T48/><D67/><U81/><E81/><V43/><F59/><W52/><G129/><T122/><D122/><U126/><E126/><V79/><F79/><AGARI ba="1,0" hai="79,83,87,100,101" m="49447,50217,44555" machi="79" ten="30,8000,1" yaku="19,1,34,2,52,2" doraHai="98" who="1" fromWho="2" sc="370,0,130,83,250,-83,250,0" /><INIT seed="1,0,0,0,3,123" ten="370,213,167,250" oya="1" hai0="45,56,8,21,54,112,47,53,30,108,49,12,20" hai1="135,117,118,4,111,107,74,99,100,69,46,68,5" hai2="121,2,95,59,55,128,25,133,9,116,16,90,38" hai3="92,27,103,104,89,80,31,124,85,57,109,98,115"/><U101/><E74/><V14/><F121/><W23/><G115/><T36/><D112/><U43/><E135/><V35/><F116/><W106/><G124/><T34/><D108/><U42/><E46/><N who="0" m="17417" /><D34/><U7/><E111/><V3/><F38/><W93/><G109/><T94/><D36/><U78/><E78/><V62/><F128/><W125/><G125/><T58/><D94/><U105/><E4/><V33/><F133/><W52/><REACH who="3" step="1"/><G104/><REACH who="3" ten="370,213,167,240" step="2"/><T96/><D30/><U22/><E105/><V0/><REACH who="2" step="1"/><F25/><REACH who="2" ten="370,213,157,240" step="2"/><W83/><G83/><T76/><D58/><U110/><E110/><V75/><F75/><W134/><G134/><T63/><D56/><U6/><E117/><V40/><F40/><W13/><G13/><T102/><D54/><U48/><E118/><V84/><AGARI ba="0,2" hai="0,2,3,9,14,16,33,35,55,59,62,84,90,95" machi="84" ten="30,4000,0" yaku="1,1,0,1,54,1,53,0" doraHai="123" doraHaiUra="26" who="2" fromWho="2" sc="370,-10,213,-20,157,60,240,-10" /><INIT seed="2,0,0,1,4,46" ten="360,193,217,230" oya="2" hai0="104,120,24,128,84,123,94,93,109,113,22,129,12" hai1="103,77,38,134,26,114,71,59,125,106,127,2,37" hai2="76,78,30,15,36,86,29,3,131,49,20,58,81" hai3="89,97,99,11,0,57,33,91,73,66,44,79,16"/><V31/><F3/><W54/><G33/><T101/><D109/><U75/><E114/><V68/><F68/><W126/><G126/><N who="1" m="48138" /><E71/><V132/><F36/><W82/><G66/><T62/><D12/><U55/><E2/><V108/><F131/><N who="0" m="50250" /><D113/><U92/><E106/><V48/><F132/><W69/><G69/><T18/><D62/><U98/><E134/><V8/><F108/><W56/><G44/><T40/><D40/><U119/><E119/><V80/><F20/><W64/><G64/><T45/><D45/><U28/><E77/><V74/><REACH who="2" step="1"/><F58/><REACH who="2" ten="360,193,207,230" step="2"/><W133/><G57/><T51/><D22/><N who="1" m="15447" /><E75/><V6/><AGARI ba="0,1" hai="6,8,15,29,30,31,48,49,74,76,78,80,81,86" machi="6" ten="30,12000,1" yaku="1,1,0,1,52,2,53,1" doraHai="46" doraHaiUra="5" who="2" fromWho="2" sc="360,-40,193,-40,207,130,230,-40" /><INIT seed="2,1,0,3,4,77" ten="320,153,337,190" oya="2" hai0="22,0,71,37,36,134,78,68,81,31,61,85,104" hai1="9,18,35,133,38,130,90,128,95,33,132,89,126" hai2="87,57,55,73,32,82,51,100,6,111,115,70,10" hai3="125,46,65,39,54,122,92,80,63,2,135,17,93"/><V107/><F115/><W24/><G122/><T1/><D134/><N who="1" m="51819" /><E38/><V99/><F32/><N who="1" m="12361" /><E95/><V121/><F121/><W116/><G135/><T103/><D37/><U3/><E18/><V13/><F70/><W75/><G125/><T59/><D36/><U129/><E9/><V53/><F111/><W16/><G2/><T113/><D113/><U108/><E3/><V30/><F30/><W7/><G7/><T117/><D117/><U19/><E19/><V11/><F73/><W69/><G116/><T60/><D60/><U66/><E66/><V84/><F11/><W120/><G120/><T96/><D1/><U49/><E49/><V34/><F34/><W119/><G119/><T67/><REACH who="0" step="1"/><D0/><REACH who="0" ten="310,153,337,190" step="2"/><U23/><E108/><V15/><F51/><W124/><G39/><T79/><D79/><U98/><E98/><V118/><F99/><W4/><G63/><T41/><D41/><U42/><E42/><V131/><F118/><W106/><G124/><T50/><D50/><U88/><E126/><V56/><F131/><W101/><G46/><T127/><D127/><U5/><E23/><V109/><F109/><W28/><G24/><AGARI ba="1,1" hai="22,24,31,59,61,67,68,71,78,81,85,96,103,104" machi="24" ten="40,2600,0" yaku="1,1,52,1,53,0" doraHai="77" doraHaiUra="29" who="0" fromWho="3" sc="310,39,153,0,337,0,190,-29" /><INIT seed="3,0,0,0,5,78" ten="349,153,337,161" oya="3" hai0="26,4,63,53,23,134,5,69,34,80,87,103,37" hai1="20,90,27,57,68,75,131,112,32,130,45,119,35" hai2="17,129,2,128,24,0,85,88,7,110,62,33,82" hai3="86,89,64,91,48,124,19,60,79,126,29,59,127"/><W135/><G135/><T98/><D134/><U122/><E122/><V56/><F110/><W42/><G29/><T25/><D37/><U125/><E112/><V31/><F17/><W81/><REACH who="3" step="1"/><G19/><REACH who="3" ten="349,153,337,151" step="2"/><T113/><D113/><U94/><E130/><N who="2" m="50283" /><F7/><W66/><G66/><AGARI ba="0,1" hai="0,2,24,31,33,56,62,66,82,85,88" m="50283" machi="66" ten="30,3900,0" yaku="19,1,52,1,54,1" doraHai="78" who="2" fromWho="3" sc="349,0,153,0,337,49,151,-39" /><INIT seed="4,0,0,4,2,74" ten="349,153,386,112" oya="0" hai0="128,112,79,105,91,18,10,38,120,93,125,100,1" hai1="63,13,50,62,33,42,89,124,26,2,56,20,27" hai2="129,72,76,58,61,7,15,57,29,14,104,65,35" hai3="24,109,9,126,17,132,47,3,32,77,60,25,67"/><T71/><D112/><U52/><E2/><V54/><F104/><W98/><G109/><T133/><D120/><U43/><E124/><V84/><F72/><W66/><G126/><T106/><D71/><U59/><E33/><V11/><F129/><W97/><G132/><T118/><D125/><U51/><E89/><V130/><F130/><W4/><G47/><T41/><D128/><U40/><E13/><V110/><F110/><W95/><G98/><T23/><D118/><U115/><E115/><V19/><F35/><W121/><G121/><T92/><D133/><U39/><E26/><V87/><F29/><W123/><G123/><T48/><D38/><U83/><E83/><V103/><F103/><W86/><G32/><T108/><D108/><U69/><E69/><V134/><F76/><W81/><G17/><T45/><D79/><U90/><E90/><V117/><F117/><W31/><G31/><T49/><D49/><N who="1" m="18443" /><E27/><V131/><F134/><W44/><G44/><T80/><D80/><U94/><E94/><V122/><F122/><W53/><G53/><T75/><D75/><U30/><E30/><V127/><F127/><W46/><G46/><T70/><D70/><U107/><E107/><V114/><F114/><W5/><G67/><T119/><D119/><U99/><E99/><V85/><F131/><W28/><G28/><T68/><D68/><U116/><E116/><V12/><REACH who="2" step="1"/><F19/><REACH who="2" ten="349,153,376,112" step="2"/><W22/><G77/><T73/><D73/><U135/><E135/><V0/><F0/><W111/><G3/><T8/><D1/><U6/><E39/><V88/><F88/><RYUUKYOKU ba="0,1" sc="349,-10,153,-10,376,30,112,-10" hai2="7,11,12,14,15,54,57,58,61,65,84,85,87" /><INIT seed="5,1,1,3,0,54" ten="339,143,406,102" oya="1" hai0="15,77,114,70,79,24,121,25,12,6,68,60,18" hai1="80,100,19,32,108,3,93,96,7,0,22,17,55" hai2="81,107,125,49,126,52,120,29,5,48,111,123,33" hai3="130,62,124,51,116,69,105,10,113,28,46,53,59"/><U42/><E32/><V122/><F111/><W89/><G116/><T106/><D106/><U16/><E108/><V11/><F107/><W9/><G113/><T36/><D36/><U64/><E42/><V67/><F67/><W65/><G124/><N who="2" m="47721" /><F81/><W23/><G130/><T21/><D114/><U57/><E64/><V85/><F85/><W90/><G105/><T43/><D43/><U101/><E101/><V39/><F39/><W2/><G69/><T74/><D121/><U30/><E7/><V63/><F29/><W38/><G38/><T71/><D60/><U104/><E80/><V41/><F33/><W35/><G35/><T103/><D103/><U127/><E104/><V75/><F75/><W27/><G2/><T102/><D102/><U117/><E117/><V119/><F119/><W72/><REACH who="3" step="1"/><G72/><REACH who="3" ten="339,143,406,92" step="2"/><T131/><D74/><U4/><E127/><V31/><F122/><W82/><G82/><T99/><D70/><U61/><E3/><V45/><F123/><W112/><G112/><T133/><D131/><U87/><E0/><V14/><F120/><W47/><G47/><T115/><D115/><U132/><E132/><V128/><F128/><W134/><G134/><T92/><D133/><U13/><E93/><V109/><F109/><W34/><G34/><T50/><D92/><U97/><E22/><V66/><F45/><W88/><AGARI ba="1,2" hai="9,10,23,27,28,46,51,53,59,62,65,88,89,90" machi="88" ten="30,16000,3" yaku="1,1,0,1,8,1,52,1,54,1,53,3" doraHai="54" doraHaiUra="84" who="3" fromWho="3" sc="339,-41,143,-81,406,-41,92,183" /><INIT seed="6,0,0,4,5,76" ten="298,62,365,275" oya="2" hai0="93,109,116,49,86,38,100,71,88,117,27,44,97" hai1="34,1,118,132,51,91,43,126,64,52,29,96,62" hai2="0,79,73,135,9,18,7,106,42,63,20,55,112" hai3="47,57,77,14,95,134,16,13,28,111,113,127,102"/><V26/><F106/><W21/><G111/><T46/><D109/><U122/><E118/><N who="0" m="45673" /><D71/><U35/><E1/><V11/><F112/><W70/><G70/><T107/><D38/><U48/><E132/><V41/><F135/><W81/><G134/><T2/><D2/><U124/><E122/><V39/><F11/><W36/><G127/><T3/><D3/><U67/><E96/><V110/><F110/><W45/><G113/><T19/><D49/><U61/><E91/><V129/><F129/><W130/><G130/><T54/><D54/><U58/><E29/><V133/><F133/><W94/><G28/><T80/><D107/><U22/><E22/><AGARI ba="0,0" hai="19,22,27,44,46,80,86,88,93,97,100" m="45673" machi="22" ten="30,3900,0" yaku="12,1,52,1,54,1" doraHai="76" who="0" fromWho="1" sc="298,39,62,-39,365,0,275,0" /><INIT seed="7,0,0,3,3,61" ten="337,23,365,275" oya="3" hai0="107,62,10,33,29,4,73,83,85,88,60,77,74" hai1="14,40,81,66,15,18,36,108,135,34,105,1,46" hai2="82,71,72,116,32,19,63,6,126,68,65,98,132" hai3="8,12,42,38,3,91,49,99,86,39,113,35,9"/><W117/><G117/><T75/><D107/><U121/><E81/><V59/><F116/><W41/><G35/><T31/><D77/><U0/><E18/><V52/><F32/><W97/><G113/><T114/><D114/><U27/><E27/><V25/><F132/><W118/><G118/><T57/><D33/><U120/><E46/><V134/><F134/><W127/><G127/><T23/><D23/><U128/><E40/><V101/><F126/><W133/><G133/><T89/><D89/><U67/><E34/><V11/><F19/><W106/><G106/><T56/><D56/><U69/><E135/><V54/><F25/><W84/><G49/><T124/><D124/><U78/><E105/><V28/><F28/><W100/><G91/><T5/><D62/><U47/><E47/><V2/><F71/><W43/><G3/><T64/><REACH who="0" step="1"/><D5/><REACH who="0" ten="327,23,365,275" step="2"/><U130/><E78/><V110/><F59/><W94/><G99/><T123/><D123/><U16/><E16/><V122/><F122/><W102/><G102/><T30/><D30/><U90/><E90/><V45/><F45/><W92/><G92/><T112/><D112/><U17/><E17/><V21/><F21/><W115/><G115/><T109/><D109/><U55/><E69/><V95/><F110/><W48/><G48/><T125/><D125/><U131/><E131/><V51/><F51/><W119/><G119/><T129/><D129/><U44/><E44/><V26/><F26/><W50/><G50/><T13/><AGARI ba="0,1" hai="4,10,13,29,31,57,60,64,73,74,75,83,85,88" machi="13" ten="30,7900,0" yaku="1,1,0,1,52,1,54,1,53,0" doraHai="61" doraHaiUra="103" who="0" fromWho="0" sc="327,89,23,-20,365,-20,275,-39" owari="416,51.0,3,-50.0,345,15.0,236,-16.0" /></mjloggm>