<mjloggm ver="2.3"><GO type="169" lobby="0"/><UN n0="%E4%BA%95%E5%B8%AF" n1="%6B%6F%74%61%6D%69%6B%61" n2="%E3%83%A2%E3%82%A4%E3%83%92%E3%83%A3%E3%83%B3" n3="%E6%98%AF%E6%94%BF%E3%81%AE%E5%A4%95%E9%99%BD" dan="17,16,16,16" rate="2193.27,2036.05,2069.12,2074.39" sx="M,F,M,M"/><TAIKYOKU oya="0"/><INIT seed="0,0,0,3,5,34" ten="250,250,250,250" oya="0" hai0="25,110,24,19,100,128,129,40,125,49,117,97,27" hai1="67,114,133,11,30,4,46,42,112,29,131,109,106" hai2="65,56,31,74,122,75,33,52,10,96,99,71,108" hai3="69,1,132,2,60,21,50,118,43,77,119,107,37"/><T72/><D117/><U36/><E106/><V85/><F122/><W66/><G21/><T64/><D72/><U104/><E104/><V5/><F108/><W101/><G50/><T3/><D3/><N who="3" m="1033" /><G132/><T53/><D40/><U83/><E131/><N who="0" m="50249" /><D64/><U86/><E133/><V105/><F85/><W38/><G77/><T82/><D82/><U126/><E67/><V73/><F65/><W57/><G57/><N who="0" m="32943" /><D125/><U91/><E126/><V13/><F71/><W41/><G41/><T135/><D110/><U54/><E109/><V55/><F105/><W80/><G80/><T120/><D120/><U18/><E18/><V95/><F56/><W22/><G22/><N who="0" m="13407" /><D135/><U115/><REACH who="1" step="1"/><E54/><REACH who="1" ten="250,240,250,250" step="2"/><V130/><F130/><W0/><G43/><T113/><D113/><U15/><AGARI ba="0,1" hai="4,11,15,29,30,36,42,46,83,86,91,112,114,115" machi="15" ten="30,8000,1" yaku="1,1,2,1,0,1,11,1,53,1" doraHai="34" doraHaiUra="81" who="1" fromWho="1" sc="250,-40,240,90,250,-20,250,-20" /><INIT seed="1,0,0,2,2,62" ten="210,330,230,230" oya="1" hai0="31,116,20,65,17,23,64,113,78,81,2,77,85" hai1="121,130,131,92,51,30,5,101,135,57,114,29,49" hai2="110,76,12,123,115,48,96,38,10,6,84,72,33" hai3="120,107,124,54,82,128,75,15,47,8,97,63,9"/><U133/><E5/><V4/><F38/><W28/><G120/><T3/><D116/><U24/><E121/><V91/><F33/><W108/><G108/><T13/><D113/><U104/><E104/><V132/><F123/><W68/><G9/><T80/><D3/><U56/><E114/><V26/><F115/><W42/><G124/><T18/><D31/><U60/><E101/><V94/><F110/><W134/><G134/><N who="1" m="51210" /><E92/><V19/><F132/><W98/><G128/><N who="1" m="49194" /><E24/><V70/><F70/><W93/><G93/><T41/><D41/><U112/><E112/><V11/><F72/><W122/><G42/><T44/><D44/><U79/><E79/><V119/><F119/><W35/><G47/><T89/><D2/><U21/><E21/><V27/><F48/><N who="1" m="18505" /><E60/><V16/><F27/><W34/><G63/><T1/><D1/><U127/><E127/><V52/><F26/><W36/><G35/><T103/><D103/><U106/><E106/><V117/><F117/><W118/><G34/><T61/><D61/><U73/><E73/><V67/><F6/><W90/><G75/><T71/><D89/><U22/><E22/><V83/><F10/><W111/><G8/><T129/><D129/><U7/><E7/><V53/><F4/><W66/><G90/><T46/><D78/><U126/><E126/><V40/><F19/><W25/><G25/><T14/><D77/><U95/><E95/><V99/><F16/><W88/><G122/><T43/><D17/><U105/><E105/><V102/><F102/><W86/><G118/><T74/><D74/><U109/><E109/><RYUUKYOKU ba="0,0" sc="210,-10,330,30,230,-10,230,-10" hai1="29,30,56,57" /><INIT seed="1,1,0,2,4,108" ten="200,360,220,220" oya="1" hai0="64,83,125,65,26,101,46,11,15,132,55,90,94" hai1="54,116,120,98,36,100,75,22,127,99,124,111,41" hai2="21,76,91,32,49,97,77,48,110,27,45,3,9" hai3="96,106,103,5,79,122,31,74,70,67,53,118,87"/><U119/><E22/><V39/><F39/><W104/><G31/><T35/><D125/><N who="1" m="48203" /><E54/><V81/><F32/><W16/><G104/><T38/><D132/><U10/><E10/><V0/><F110/><W4/><G118/><N who="1" m="45098" /><E111/><V24/><F9/><W42/><G42/><T30/><D38/><U121/><E41/><V7/><F7/><W63/><G122/><N who="1" m="47210" /><E36/><V82/><F21/><W93/><G53/><T43/><D43/><U126/><N who="1" m="48211" /><U123/><N who="1" m="47218" /><DORA hai="60" /><U51/><DORA hai="52" /><E51/><V61/><F49/><W107/><G5/><T23/><D46/><U86/><E75/><V78/><F45/><W88/><G4/><T56/><D35/><U117/><N who="1" m="45106" /><U113/><DORA hai="50" /><E113/><V134/><F48/><W128/><G16/><T58/><D55/><U66/><E66/><V20/><F20/><W40/><G40/><T92/><D65/><U71/><E71/><V62/><F62/><W89/><G63/><T13/><D64/><U135/><E135/><V33/><F134/><W114/><G114/><T131/><D23/><U59/><E59/><V85/><F61/><W18/><G18/><T129/><D11/><U80/><E100/><V8/><F8/><W57/><G57/><T1/><D101/><U34/><E34/><V95/><F33/><W25/><G67/><T73/><D58/><U19/><E19/><V37/><F37/><W109/><G109/><T28/><D56/><U69/><E69/><V12/><F27/><W6/><G25/><T133/><D26/><U115/><E115/><V84/><F24/><W112/><G112/><T102/><D133/><RYUUKYOKU ba="1,0" sc="200,-10,360,30,220,-10,220,-10" hai1="80,86,98,99" /><INIT seed="1,2,0,1,1,123" ten="190,390,210,210" oya="1" hai0="75,44,48,88,15,124,9,70,35,74,4,12,39" hai1="110,109,56,30,59,101,84,83,126,50,55,78,2" hai2="63,60,107,19,25,46,127,20,79,10,36,69,26" hai3="97,99,54,6,23,112,96,133,64,11,129,43,62"/><U94/><E2/><V73/><F107/><W51/><G129/><T34/><D39/><U29/><E126/><V98/><F127/><W106/><G133/><T128/><D128/><U131/><E131/><V45/><F73/><W65/><G106/><T47/><D70/><U14/><E14/><V42/><F79/><W21/><G43/><T103/><D103/><U57/><E101/><V105/><F69/><W0/><G112/><T100/><D100/><U22/><E94/><V53/><F105/><W33/><G33/><T52/><D124/><U122/><E122/><V130/><F130/><W76/><G76/><T85/><D47/><U37/><E37/><V104/><F104/><W28/><G28/><T72/><REACH who="0" step="1"/><D12/><REACH who="0" ten="180,390,210,210" step="2"/><U58/><REACH who="1" step="1"/><E22/><REACH who="1" ten="180,380,210,210" step="2"/><V91/><F20/><W120/><G23/><T3/><D3/><U77/><E77/><V61/><F36/><W40/><G120/><T102/><D102/><U117/><E117/><V118/><F118/><W87/><G21/><T71/><D71/><U119/><E119/><V113/><F113/><W31/><G0/><T13/><D13/><U17/><E17/><V114/><F19/><W108/><G31/><AGARI ba="2,2" hai="29,30,31,50,55,56,57,58,59,78,83,84,109,110" machi="31" ten="40,12000,1" yaku="1,1,52,2,53,1" doraHai="123" doraHaiUra="81" who="1" fromWho="3" sc="180,0,380,146,210,0,210,-126" /><INIT seed="1,3,0,5,2,44" ten="180,526,210,84" oya="1" hai0="127,69,39,100,91,114,75,82,105,77,125,66,102" hai1="97,53,119,37,3,101,106,135,90,57,34,27,122" hai2="30,38,6,64,9,24,43,60,47,19,40,79,4" hai3="131,109,126,128,70,124,110,41,7,130,129,107,81"/><U35/><E37/><V80/><F43/><W10/><G107/><T94/><D39/><U71/><E3/><V2/><F6/><W103/><G103/><T63/><D114/><U59/><E119/><V76/><F19/><W45/><N who="3" m="32768" /><DORA hai="61" /><W15/><G70/><T132/><D132/><U31/><E135/><V116/><F116/><W1/><G81/><T123/><D123/><U73/><E73/><V104/><F104/><W68/><G68/><T0/><D0/><U52/><E122/><V74/><F79/><W95/><G95/><T112/><D112/><U88/><E71/><N who="2" m="42375" /><F24/><W65/><G65/><T58/><D69/><U93/><E35/><V121/><F30/><W32/><G32/><T18/><D18/><U54/><REACH who="1" step="1"/><E90/><REACH who="1" ten="180,516,210,84" step="2"/><V13/><F121/><W28/><G28/><T46/><D91/><U83/><E83/><V36/><F36/><N who="3" m="21671" /><G15/><AGARI ba="3,1" hai="2,4,9,13,15,38,40,47,74,76,80" m="42375" machi="15" ten="30,2000,0" yaku="25,1,52,1" doraHai="44,61" who="2" fromWho="3" sc="180,0,516,0,210,39,84,-29" /><INIT seed="2,0,0,4,3,39" ten="180,516,249,55" oya="2" hai0="60,68,107,94,123,29,97,7,2,37,88,32,33" hai1="30,11,113,49,89,50,83,61,75,118,92,27,131" hai2="63,121,48,6,62,46,79,42,14,40,122,111,47" hai3="78,55,19,129,128,133,73,120,115,13,117,96,65"/><V135/><F79/><W91/><G120/><N who="2" m="46185" /><F6/><W59/><G117/><T101/><D123/><U0/><E131/><V103/><F103/><W106/><G115/><T112/><D37/><U34/><E113/><V93/><F93/><W44/><G133/><T125/><D125/><U45/><E118/><V81/><F81/><W17/><G65/><T64/><D112/><U116/><E116/><V43/><F14/><W102/><G91/><T99/><REACH who="0" step="1"/><D29/><REACH who="0" ten="170,516,249,55" step="2"/><U119/><E119/><V16/><F135/><W66/><G129/><T82/><D82/><U58/><E83/><V4/><F111/><W67/><G128/><T31/><D31/><U95/><E75/><V110/><F110/><W130/><G130/><T28/><D28/><U134/><E134/><V108/><F108/><W51/><G73/><T72/><D72/><U104/><E30/><V114/><F114/><W9/><G78/><T35/><D35/><U25/><E34/><V18/><F4/><W21/><REACH who="3" step="1"/><G44/><REACH who="3" ten="170,516,249,45" step="2"/><N who="2" m="16937" /><F48/><W52/><G52/><T105/><D105/><U56/><E45/><V5/><F5/><W23/><G23/><T71/><D71/><U3/><E49/><V77/><F77/><W54/><G54/><T53/><D53/><U57/><E50/><V24/><F63/><W126/><G126/><T1/><D1/><U86/><E61/><V98/><F62/><W84/><G84/><T127/><D127/><U8/><E3/><V22/><F22/><W109/><G109/><T80/><D80/><U132/><E0/><V36/><F36/><W87/><G87/><T26/><D26/><AGARI ba="0,2" hai="9,13,17,19,21,26,51,55,59,66,67,96,102,106" machi="26" ten="30,3900,0" yaku="1,1,7,1,53,1" doraHai="39" doraHaiUra="100" who="3" fromWho="0" sc="170,-39,516,0,249,0,45,59" /><INIT seed="3,0,0,4,0,98" ten="131,516,249,104" oya="3" hai0="95,51,131,128,71,103,127,63,8,55,121,132,114" hai1="9,87,4,50,102,13,35,48,67,7,5,84,42" hai2="135,46,47,86,118,123,70,62,15,6,28,45,80" hai3="93,29,92,122,83,20,108,61,65,100,58,34,32"/><W106/><G122/><T78/><D121/><U24/><E67/><V26/><F123/><W66/><G108/><T38/><D38/><U72/><E72/><V126/><F118/><W30/><G34/><T99/><D127/><U0/><E0/><V23/><F126/><W119/><G119/><T124/><D124/><U10/><E24/><V11/><F135/><W104/><G32/><T52/><D132/><U125/><E35/><V36/><F36/><W113/><G113/><T85/><D8/><U43/><E13/><V105/><F105/><W116/><G116/><T97/><D114/><U90/><E90/><V57/><F70/><W82/><G20/><T53/><D99/><U40/><E102/><V37/><F37/><W2/><G58/><T134/><D134/><U91/><E91/><N who="2" m="51655" /><F47/><W88/><G61/><T39/><D39/><U94/><E94/><V101/><F101/><W14/><G14/><T81/><REACH who="0" step="1"/><D51/><REACH who="0" ten="121,516,249,104" step="2"/><N who="1" m="19499" /><E125/><V115/><F115/><W12/><G100/><T89/><D89/><U110/><E110/><V75/><F11/><AGARI ba="0,1" hai="4,5,7,9,10,11,40,42,43,84,87" m="19499" machi="11" ten="40,5200,0" yaku="28,2,8,1" doraHai="98" who="1" fromWho="2" sc="121,0,516,62,249,-52,104,0" /><INIT seed="4,0,0,4,1,73" ten="121,578,197,104" oya="0" hai0="58,94,34,131,92,59,56,79,78,41,26,70,57" hai1="33,132,95,43,97,116,7,35,65,49,93,5,125" hai2="102,62,75,130,37,99,68,82,44,67,19,77,2" hai3="133,61,51,36,71,91,122,90,52,128,127,121,98"/><T105/><D105/><U39/><E39/><V66/><F130/><W63/><G36/><T21/><D70/><U4/><E65/><V8/><F67/><W89/><G128/><T1/><D34/><U18/><E116/><V27/><F27/><W45/><G127/><T129/><D41/><U54/><E125/><V25/><F25/><W47/><G133/><T134/><D1/><U76/><E43/><V114/><F114/><W32/><G32/><T17/><D134/><U123/><E123/><N who="3" m="47114" /><G71/><T81/><D131/><U16/><E132/><V6/><F19/><W83/><G98/><T38/><D38/><U118/><E118/><V22/><F22/><W108/><G108/><T113/><D113/><U20/><E35/><V111/><F111/><W72/><G47/><T86/><D129/><U0/><E33/><V55/><F55/><W126/><G126/><T120/><D120/><U74/><E0/><V124/><F124/><W50/><G51/><T15/><N who="0" m="14336" /><DORA hai="53" /><T24/><REACH who="0" step="1"/><D79/><AGARI ba="0,0" hai="45,50,52,61,63,72,79,83,89,90,91" m="47114" machi="79" ten="30,3900,0" yaku="13,1,52,1,54,1" doraHai="73,53" who="3" fromWho="0" sc="121,-39,578,0,197,0,104,39" /><INIT seed="5,0,0,1,3,88" ten="82,578,197,143" oya="1" hai0="132,110,64,116,130,24,14,87,98,4,112,103,91" hai1="35,29,121,38,51,115,58,21,54,43,128,94,113" hai2="48,67,127,84,59,49,30,28,66,82,10,57,109" hai3="65,62,118,3,86,40,106,20,52,111,78,134,79"/><U93/><E35/><V6/><F109/><W42/><G106/><T2/><D110/><U89/><E89/><V32/><F127/><W120/><G3/><T23/><D116/><U16/><E29/><V33/><F84/><W5/><G5/><T125/><D2/><U92/><E121/><V104/><F6/><W73/><G73/><T123/><D125/><U41/><E128/><V69/><F104/><W19/><G134/><T44/><D112/><N who="1" m="43083" /><E38/><V17/><F17/><W119/><G120/><T45/><D130/><U70/><E70/><V50/><F10/><W25/><G65/><T9/><D64/><N who="2" m="24618" /><F82/><N who="3" m="47447" /><G79/><T22/><D132/><U99/><E99/><V34/><F69/><W135/><G135/><T85/><D22/><U53/><E53/><V75/><F75/><W18/><G19/><T80/><D87/><U124/><E124/><V76/><F76/><W55/><G55/><T117/><D117/><N who="3" m="44553" /><G111/><T83/><D83/><U26/><AGARI ba="0,0" hai="16,21,26,41,43,51,54,58,92,93,94" m="43083" machi="26" ten="30,12000,1" yaku="15,1,52,3,54,1" doraHai="88" who="1" fromWho="1" sc="82,-40,578,120,197,-40,143,-40" /><INIT seed="5,1,0,5,2,60" ten="42,698,157,103" oya="1" hai0="112,79,88,31,96,92,30,66,107,104,69,74,25" hai1="109,20,41,27,80,62,83,72,70,118,133,125,100" hai2="77,84,122,46,14,19,8,1,0,45,108,127,75" hai3="13,47,68,40,11,17,56,130,98,115,23,73,123"/><U131/><E118/><V113/><F108/><W7/><G68/><T94/><D112/><U49/><E100/><V121/><F75/><W34/><G73/><T12/><D12/><U35/><E35/><V21/><F113/><W106/><G130/><T67/><D30/><U32/><E32/><V18/><F127/><W93/><G106/><T114/><D114/><U5/><E5/><V15/><F77/><W42/><G34/><T38/><D38/><U85/><E125/><V129/><F84/><W10/><G10/><T3/><D3/><U126/><E126/><V36/><F36/><W39/><G123/><T87/><D69/><U58/><E70/><V135/><F129/><W54/><G47/><T119/><D119/><U44/><E133/><V110/><F110/><W28/><G28/><T4/><D4/><U90/><E109/><V48/><F135/><W55/><G39/><T59/><D59/><U51/><E72/><V22/><F8/><W105/><G55/><T63/><D63/><U99/><E99/><V71/><F71/><W128/><G105/><T9/><D9/><U2/><E2/><V78/><F78/><W89/><G128/><T95/><D107/><U117/><E117/><V26/><F26/><N who="3" m="14703" /><G115/><T6/><D6/><U97/><E97/><V124/><F124/><W61/><AGARI ba="1,0" hai="7,11,13,40,42,54,56,61,89,93,98" m="14703" machi="61" ten="30,2000,0" yaku="25,1,8,1" doraHai="60" who="3" fromWho="3" sc="42,-6,698,-11,157,-6,103,23" /><INIT seed="6,0,0,1,1,76" ten="36,687,151,126" oya="2" hai0="134,129,42,37,16,93,36,4,9,124,125,82,32" hai1="55,135,89,96,25,2,69,38,126,131,99,94,10" hai2="113,123,91,102,109,14,31,50,106,118,48,17,84" hai3="110,111,12,60,34,30,61,52,77,86,19,43,121"/><V68/><F68/><W98/><G121/><T49/><D32/><U81/><E38/><V24/><F123/><W119/><G119/><T90/><D129/><U115/><E69/><V112/><F118/><W78/><G43/><T33/><D33/><U3/><E131/><V127/><F109/><W18/><G18/><T47/><D134/><U132/><E115/><N who="2" m="44107" /><F102/><W21/><G30/><T120/><D120/><U88/><E126/><N who="0" m="48745" /><D93/><U104/><E25/><V5/><F5/><W72/><G34/><T62/><D62/><U6/><E3/><V1/><F1/><W80/><G110/><T70/><D70/><U53/><E53/><V7/><F7/><W35/><G35/><T103/><D103/><U64/><E64/><V20/><F106/><W39/><G39/><T71/><D71/><U73/><E55/><V97/><F97/><W63/><G98/><T0/><D16/><U27/><E27/><V11/><F127/><W23/><G111/><T40/><D40/><U122/><E122/><V85/><F85/><AGARI ba="0,0" hai="0,4,9,36,37,42,47,49,82,85,90" m="48745" machi="85" ten="30,2000,0" yaku="18,1,52,1" doraHai="76" who="0" fromWho="2" sc="36,20,687,0,151,-20,126,0" /><INIT seed="7,0,0,2,2,17" ten="56,687,131,126" oya="3" hai0="96,69,2,72,101,1,118,11,132,63,52,110,89" hai1="57,77,0,134,51,23,105,93,60,49,26,123,85" hai2="67,107,108,95,73,54,106,7,100,39,135,64,122" hai3="56,74,66,21,55,79,40,5,94,71,43,6,130"/><W80/><G130/><T113/><D110/><U12/><E0/><V91/><F108/><W117/><G117/><T8/><D118/><U35/><E105/><V44/><F107/><W70/><G71/><T45/><D72/><U75/><E75/><V59/><F106/><W34/><G34/><T9/><D132/><U97/><E134/><V90/><F73/><W125/><G125/><T114/><D89/><U99/><E35/><V46/><F39/><W124/><G124/><T15/><D15/><U83/><E12/><V104/><F104/><W129/><G129/><T42/><D96/><U78/><E78/><V37/><F37/><W41/><G66/><T47/><D101/><U3/><E3/><N who="0" m="1033" /><D69/><U4/><E4/><V53/><F67/><W10/><G94/><T50/><D63/><U116/><E116/><V131/><F95/><W19/><G70/><T86/><D86/><U61/><E123/><V128/><F64/><W120/><G120/><T115/><D45/><U121/><E121/><V14/><F128/><W28/><G28/><T29/><D29/><U98/><E93/><V84/><F131/><W102/><G10/><N who="0" m="2563" /><T32/><DORA hai="82" /><D32/><U65/><E61/><V27/><F122/><W126/><G102/><T48/><D48/><U36/><E36/><V76/><F100/><W58/><G126/><T33/><D33/><U62/><E62/><V111/><F135/><W127/><G127/><T22/><D22/><U119/><E119/><V24/><F111/><W18/><G21/><T133/><D133/><U31/><AGARI ba="0,0" hai="23,26,31,49,51,57,60,65,77,83,85,97,98,99" machi="31" ten="30,7900,0" yaku="0,1,8,1,52,2" doraHai="17,82" who="1" fromWho="1" sc="56,-20,687,79,131,-20,126,-39" owari="36,-46.0,766,86.0,111,-9.0,87,-31.0" /></mjloggm>