<mjloggm ver="2.3"><GO type="169" lobby="0"/><UN n0="%E3%81%8A%E3%83%91%E3%83%B3%E3%83%84%E3%81%BD%E3%82%93" n1="%61%73%61%64%61%31%32" n2="%6B%6F%74%61%6D%69%6B%61" n3="%E3%81%AA%E3%81%88%E3%81%A8%E3%82%8B" dan="16,16,16,16" rate="2232.87,2150.38,2039.09,2080.88" sx="F,M,F,M"/><TAIKYOKU oya="0"/><INIT seed="0,0,0,3,5,124" ten="250,250,250,250" oya="0" hai0="77,122,11,41,102,103,61,38,24,34,26,72,95" hai1="65,97,123,13,18,12,111,46,42,9,74,128,120" hai2="119,7,76,121,71,104,107,19,63,29,110,59,5" hai3="56,78,53,118,14,68,99,64,93,73,79,25,67"/><T22/><D122/><U85/><E74/><V44/><F29/><W27/><G118/><T52/><D11/><U87/><E65/><N who="3" m="25162" /><G73/><T135/><D135/><U10/><E111/><V90/><F76/><N who="3" m="29227" /><G14/><T131/><D34/><U57/><E57/><V75/><F75/><W31/><G31/><T40/><D38/><U109/><E97/><V94/><F119/><W130/><G130/><T48/><D61/><U115/><E109/><V92/><F71/><W28/><G28/><T4/><D4/><U51/><E128/><V1/><F110/><W3/><G3/><T98/><D131/><U116/><E116/><V133/><F133/><W30/><G30/><N who="0" m="17687" /><D26/><U108/><E108/><V21/><F1/><W23/><G23/><T39/><D39/><U82/><E115/><V36/><F36/><W106/><G106/><T80/><D103/><U117/><E117/><V113/><F113/><W86/><G86/><T134/><D72/><U112/><E112/><V60/><F107/><W105/><G105/><T58/><D134/><U126/><E85/><V17/><F104/><W88/><G68/><T45/><D58/><U15/><E120/><V0/><F0/><W2/><G2/><T49/><D48/><AGARI ba="0,0" hai="25,27,48,53,56,88,93,99" m="29227,25162" machi="48" ten="30,2000,0" yaku="8,1,54,1" doraHai="124" who="3" fromWho="0" sc="250,-20,250,0,250,0,250,20" /><INIT seed="1,0,0,4,3,113" ten="230,250,250,270" oya="1" hai0="76,91,18,23,124,116,134,114,24,49,8,44,60" hai1="45,103,81,41,9,43,130,96,102,68,75,132,109" hai2="26,28,129,83,32,122,99,93,104,46,30,0,56" hai3="110,95,47,97,133,58,131,92,37,117,73,21,10"/><U20/><E68/><V61/><F0/><W54/><G110/><T19/><D114/><U126/><E130/><V48/><F104/><W120/><G120/><T2/><D134/><U111/><E132/><V17/><F129/><W50/><G133/><T27/><D76/><N who="1" m="44191" /><E20/><V79/><F122/><W128/><G73/><T35/><D60/><U52/><E102/><V40/><F30/><W77/><G77/><T94/><D124/><U5/><E126/><V65/><F17/><W89/><G10/><T53/><D35/><U74/><E74/><V80/><REACH who="2" step="1"/><F79/><REACH who="2" ten="230,250,240,270" step="2"/><W38/><G128/><T7/><D18/><U64/><E111/><V69/><F69/><W125/><G131/><T31/><D31/><U33/><E109/><V105/><F105/><W106/><G106/><T66/><D19/><U57/><E33/><V90/><AGARI ba="0,1" hai="26,28,32,40,46,48,56,61,65,80,83,90,93,99" machi="90" ten="20,5200,0" yaku="1,1,0,1,7,1,53,1" doraHai="113" doraHaiUra="85" who="2" fromWho="2" sc="230,-13,250,-26,240,62,270,-13" /><INIT seed="2,0,0,2,0,29" ten="217,224,302,257" oya="2" hai0="8,67,39,77,90,17,124,75,107,28,70,109,62" hai1="121,108,24,27,105,43,84,15,110,11,52,76,117" hai2="65,54,74,127,103,134,0,115,55,63,5,56,31" hai3="97,16,114,12,82,21,95,49,6,19,45,92,78"/><V89/><F74/><W25/><G114/><T133/><D107/><U68/><E43/><V79/><F79/><W99/><G6/><T40/><D133/><U71/><E105/><V3/><F115/><W85/><G99/><T53/><D124/><U22/><E27/><V18/><F134/><W44/><G49/><T128/><D128/><U119/><E76/><V2/><F103/><W37/><G37/><T87/><D53/><U83/><E84/><V51/><F5/><W32/><G95/><T59/><D70/><U34/><E83/><V94/><F31/><W101/><REACH who="3" step="1"/><G32/><REACH who="3" ten="217,224,302,247" step="2"/><T129/><D39/><U10/><E34/><V42/><F127/><W88/><G88/><T104/><D90/><U13/><E117/><V26/><F51/><W47/><G47/><T48/><D48/><U20/><E119/><V118/><F118/><W123/><G123/><T35/><D35/><U41/><E121/><V33/><F42/><W125/><G125/><T91/><D40/><U96/><E41/><V38/><F38/><W30/><G30/><T23/><D28/><U93/><E96/><V81/><F33/><W58/><G58/><T50/><D59/><U132/><E132/><V7/><F7/><W1/><G1/><T131/><D50/><U73/><E93/><V130/><F94/><W57/><G57/><T135/><D135/><U111/><E110/><V46/><F46/><W100/><G100/><T4/><D109/><U60/><E111/><V98/><F98/><W14/><G14/><N who="1" m="5130" /><E108/><V61/><F3/><W116/><G116/><T86/><D4/><U120/><E120/><RYUUKYOKU ba="0,1" sc="217,-10,224,-10,302,-10,247,30" hai3="12,16,19,21,25,44,45,78,82,85,92,97,101" /><INIT seed="3,1,1,5,3,36" ten="207,214,292,277" oya="3" hai0="75,96,65,73,116,47,134,13,39,16,135,1,48" hai1="31,74,120,7,123,11,17,67,129,52,81,72,63" hai2="14,83,108,85,102,119,27,94,25,54,80,76,53" hai3="118,28,87,45,131,112,57,133,51,90,41,62,46"/><W44/><G112/><T58/><D39/><U34/><E129/><V12/><F119/><W110/><G118/><T99/><D1/><U78/><E74/><V50/><F108/><W5/><G131/><T105/><D116/><U79/><E78/><V20/><F102/><W0/><G110/><T132/><D58/><U101/><E17/><V84/><F94/><W104/><G104/><T18/><D65/><U91/><E91/><V93/><F93/><W42/><G133/><T128/><D128/><U70/><E52/><N who="2" m="20075" /><F50/><W113/><G28/><T64/><D64/><U6/><E6/><V92/><F92/><N who="3" m="54367" /><G0/><T2/><D2/><U32/><E101/><V3/><F3/><W43/><G5/><T86/><D86/><U30/><E7/><V69/><F69/><W61/><G113/><T24/><D24/><N who="2" m="9290" /><F20/><W122/><G122/><T95/><D105/><U115/><E115/><V71/><F71/><W126/><G126/><T4/><D4/><U98/><E120/><V117/><F117/><W107/><G107/><T88/><D99/><U10/><E98/><V109/><F109/><W21/><G21/><N who="0" m="11407" /><D18/><U49/><E123/><V55/><N who="2" m="20083" /><AGARI ba="1,1" hai="41,42,43,44,45,46,51,55,57,61,62" m="54367" machi="55" ten="30,12000,1" yaku="3,1,8,1,52,3" doraHai="36" who="3" fromWho="2" sc="207,0,214,0,292,-123,277,133" /><AGARI ba="1,0" hai="47,48,55,73,75,88,95,96,132,134,135" m="11407" machi="55" ten="30,7700,0" yaku="3,1,20,1,54,2" doraHai="36" who="0" fromWho="2" sc="207,77,214,0,169,-77,410,0" /><INIT seed="3,2,0,1,4,74" ten="284,214,92,410" oya="3" hai0="4,86,17,53,122,29,49,9,81,63,104,112,99" hai1="64,118,57,6,124,127,68,0,48,111,37,131,59" hai2="90,69,108,40,13,27,28,102,76,7,3,32,106" hai3="30,34,26,1,39,100,115,19,134,71,23,73,35"/><W117/><G71/><T67/><D122/><U43/><E0/><V109/><F40/><W87/><G39/><T95/><D104/><U89/><E6/><V98/><F90/><W61/><G73/><T60/><D29/><U70/><E89/><V96/><F96/><W80/><G115/><T44/><D17/><U58/><E111/><V85/><F13/><W22/><G117/><T97/><D112/><U129/><E118/><V84/><F84/><W94/><G1/><T18/><D95/><U8/><E8/><V51/><F51/><W123/><G134/><T92/><D92/><U132/><E37/><V5/><F5/><W101/><G123/><T15/><D4/><U33/><E33/><V88/><F69/><N who="1" m="26729" /><E132/><V78/><F3/><W50/><G50/><T120/><D120/><U130/><E64/><V24/><F7/><W11/><G61/><N who="0" m="23627" /><D67/><U20/><E20/><V113/><F27/><W82/><G11/><T77/><AGARI ba="2,0" hai="9,15,18,44,49,53,77,81,86,97,99" m="23627" machi="77" ten="30,2000,0" yaku="8,1,52,1" doraHai="74" who="0" fromWho="0" sc="284,26,214,-7,92,-7,410,-12" /><INIT seed="4,0,0,4,2,20" ten="310,207,85,398" oya="0" hai0="70,52,108,90,41,123,92,17,120,3,112,22,50" hai1="80,103,18,127,76,100,44,111,75,4,24,115,126" hai2="134,86,23,121,47,36,31,71,1,43,57,72,42" hai3="10,114,67,69,62,61,81,8,133,34,66,79,135"/><T37/><D3/><U113/><E4/><V35/><F121/><W28/><G114/><N who="1" m="43530" /><E44/><V11/><F23/><W27/><G10/><T12/><D70/><U105/><E111/><V9/><F86/><W110/><G8/><T94/><D112/><U13/><E13/><V63/><F57/><W30/><G30/><T129/><D108/><U89/><E18/><V15/><F15/><W45/><G45/><T97/><D129/><U93/><E24/><V53/><F53/><W85/><REACH who="3" step="1"/><G110/><REACH who="3" ten="310,207,85,388" step="2"/><T102/><D123/><U21/><E21/><V83/><F11/><W98/><G98/><N who="0" m="57623" /><D120/><U65/><E105/><V88/><F43/><W7/><G7/><T56/><D37/><U131/><E131/><V64/><F9/><W54/><G54/><T49/><D41/><U77/><E65/><V26/><F1/><W59/><AGARI ba="0,1" hai="27,28,34,59,61,62,66,67,69,79,81,85,133,135" machi="59" ten="30,4000,0" yaku="1,1,0,1,52,1,53,0" doraHai="20" doraHaiUra="32" who="3" fromWho="3" sc="310,-20,207,-10,85,-10,388,50" /><INIT seed="5,0,0,1,5,130" ten="290,197,75,438" oya="1" hai0="76,3,53,126,101,61,32,86,108,25,85,77,104" hai1="84,21,135,11,13,82,124,120,90,106,123,99,54" hai2="50,42,113,66,100,73,68,115,117,91,83,92,98" hai3="39,43,112,95,35,27,10,45,80,16,109,51,125"/><U26/><E124/><V64/><F68/><W38/><G109/><T52/><D3/><U59/><E106/><V129/><F42/><W105/><G105/><T67/><D108/><U133/><E99/><V37/><F37/><W88/><G112/><N who="2" m="43081" /><F50/><W75/><G35/><T122/><D122/><U74/><E74/><V81/><F66/><W131/><G131/><T0/><D0/><U87/><E84/><N who="2" m="52327" /><F64/><W62/><G62/><T22/><D126/><U119/><E119/><V134/><F129/><W24/><G24/><T93/><D104/><U94/><E82/><N who="2" m="31243" /><F117/><W36/><G27/><T28/><D32/><U5/><E120/><V17/><F17/><W19/><G10/><T30/><D28/><U118/><E118/><V69/><F69/><W97/><G125/><T107/><D67/><U89/><E123/><V47/><F47/><W56/><G56/><T111/><D111/><U29/><REACH who="1" step="1"/><E90/><REACH who="1" ten="290,187,75,438" step="2"/><V12/><F73/><W8/><G75/><T102/><D107/><U33/><E33/><V34/><F34/><W70/><G80/><T103/><D103/><U78/><E78/><V7/><F98/><W128/><G128/><T110/><D102/><U23/><E23/><V55/><F100/><W18/><G97/><N who="0" m="59567" /><D110/><U15/><E15/><V65/><F12/><W116/><G116/><T57/><D77/><U40/><E40/><V127/><F127/><W20/><G43/><T114/><D76/><U46/><E46/><V60/><F7/><W58/><G45/><T6/><D6/><U49/><AGARI ba="0,1" hai="5,11,13,21,26,29,49,54,59,87,89,94,133,135" machi="49" ten="30,12000,1" yaku="1,1,0,1,52,2,53,1" doraHai="130" doraHaiUra="2" who="1" fromWho="1" sc="290,-40,187,130,75,-40,438,-40" /><INIT seed="5,1,0,1,2,108" ten="250,317,35,398" oya="1" hai0="21,63,46,115,17,26,87,32,91,60,50,127,27" hai1="33,25,106,34,86,10,64,57,4,28,53,90,59" hai2="23,71,122,61,77,101,22,129,97,29,5,40,14" hai3="85,93,104,134,44,103,52,96,55,76,62,38,133"/><U66/><E106/><V82/><F122/><W125/><G125/><T120/><D127/><U68/><E68/><V65/><F129/><W112/><G112/><T37/><D37/><U121/><E33/><V72/><F40/><N who="3" m="22551" /><G62/><T132/><D115/><U13/><E121/><V105/><F5/><W135/><G104/><T74/><D74/><U131/><E131/><V54/><F54/><W83/><AGARI ba="1,0" hai="52,55,76,83,85,93,96,103,133,134,135" m="22551" machi="83" ten="40,2700,0" yaku="20,1,54,1" doraHai="108" who="3" fromWho="3" sc="250,-8,317,-14,35,-8,398,30" /><INIT seed="6,0,0,4,3,134" ten="242,303,27,428" oya="2" hai0="38,4,68,50,0,10,59,88,131,77,92,95,46" hai1="32,26,62,109,45,86,106,63,51,27,2,112,9" hai2="98,53,17,13,82,111,24,125,94,14,85,121,105" hai3="44,114,30,99,122,41,8,123,31,35,60,102,71"/><V43/><F105/><N who="3" m="63711" /><G31/><T128/><D68/><U66/><E106/><V116/><F116/><W132/><G8/><T11/><D77/><U64/><E109/><V81/><F121/><W47/><G47/><T103/><D103/><U126/><E112/><V29/><F111/><W49/><G132/><T55/><D11/><U78/><E126/><V21/><F125/><W119/><G114/><T117/><D117/><U73/><E73/><V7/><F43/><W40/><G41/><T58/><D38/><U61/><E9/><V18/><F7/><W104/><G104/><T72/><D72/><U127/><E32/><V101/><F85/><W12/><G12/><T36/><D95/><U19/><E2/><V83/><REACH who="2" step="1"/><F53/><REACH who="2" ten="242,303,17,428" step="2"/><W70/><G119/><T22/><D55/><N who="1" m="30191" /><E127/><V133/><F133/><W124/><G40/><T115/><D115/><U28/><E86/><V54/><F54/><W33/><G124/><T118/><D118/><U76/><E64/><V67/><F67/><W75/><G75/><T110/><D110/><U42/><E66/><V79/><F79/><W57/><G122/><T20/><D4/><U65/><E65/><V39/><F39/><W108/><G123/><T56/><D36/><U15/><E42/><V6/><F6/><W87/><G87/><T1/><D1/><U37/><E37/><V135/><F135/><W16/><G108/><T84/><D0/><U96/><E78/><V69/><F69/><W130/><G71/><T93/><D84/><U91/><E76/><V48/><F48/><W3/><G70/><T74/><D50/><U129/><E62/><RYUUKYOKU ba="0,1" sc="242,-10,303,-10,17,30,428,-10" hai2="13,14,17,18,21,24,29,81,82,83,94,98,101" /><INIT seed="6,1,1,2,5,123" ten="232,293,47,418" oya="2" hai0="35,32,15,114,6,115,46,83,121,7,50,58,107" hai1="28,119,73,65,2,90,4,29,92,97,20,102,1" hai2="17,84,26,80,49,64,12,62,0,16,125,104,47" hai3="57,42,51,124,79,36,8,13,72,70,109,81,33"/><V27/><F104/><W63/><G109/><T94/><D107/><U126/><E119/><V111/><F0/><W74/><G33/><N who="0" m="12875" /><D58/><U118/><E118/><V77/><F125/><W54/><G124/><T9/><D121/><U55/><E73/><V22/><F111/><W71/><G74/><T66/><D66/><U18/><E65/><V60/><F64/><W37/><G37/><T25/><D25/><U53/><E4/><V134/><F134/><W122/><G36/><T88/><D83/><U44/><E2/><V41/><REACH who="2" step="1"/><F27/><REACH who="2" ten="232,293,37,418" step="2"/><W93/><G122/><T31/><D115/><U106/><E1/><V10/><AGARI ba="1,2" hai="10,12,16,17,22,26,41,47,49,60,62,77,80,84" machi="10" ten="20,18000,2" yaku="1,1,2,1,0,1,7,1,8,1,54,1,53,0" doraHai="123" doraHaiUra="67" who="2" fromWho="2" sc="232,-61,293,-61,37,203,418,-61" /><INIT seed="6,2,0,1,3,74" ten="171,232,240,357" oya="2" hai0="128,38,1,95,109,133,108,91,65,81,21,106,0" hai1="53,103,83,114,102,107,23,40,36,50,121,60,47" hai2="13,51,58,87,29,64,118,124,8,119,70,61,59" hai3="111,6,84,62,86,134,98,115,5,94,48,44,131"/><V92/><F29/><W69/><G111/><T7/><D106/><U126/><E114/><V45/><F124/><W14/><G115/><T43/><D65/><U72/><E126/><V41/><F70/><W125/><G125/><T9/><D0/><U104/><E121/><V24/><F24/><W28/><G131/><T19/><D128/><U96/><E60/><V130/><F130/><W52/><G134/><T82/><D133/><U39/><E23/><V30/><F30/><W73/><G73/><T79/><D82/><U97/><E53/><V129/><F59/><N who="3" m="35175" /><G28/><T127/><D127/><U63/><E63/><V56/><F56/><W32/><G32/><T71/><D71/><U90/><E90/><V100/><F129/><W55/><G14/><N who="0" m="9463" /><D91/><U135/><E135/><V112/><F112/><W76/><G86/><T35/><D95/><U10/><E10/><V20/><F20/><W93/><G93/><T122/><D122/><U46/><E47/><V120/><F120/><W68/><G68/><T26/><D26/><U17/><E17/><V116/><F87/><W101/><G69/><T88/><D88/><U27/><E27/><V4/><REACH who="2" step="1"/><F119/><REACH who="2" ten="171,232,230,357" step="2"/><W80/><AGARI ba="2,1" hai="5,6,44,48,55,76,80,84,94,98,101" m="35175" machi="80" ten="30,4000,0" yaku="8,1,52,1,54,1" doraHai="74" who="3" fromWho="3" sc="171,-12,232,-12,230,-22,357,56" /><INIT seed="7,0,0,0,2,3" ten="159,220,208,413" oya="3" hai0="102,30,110,99,27,72,76,90,65,18,28,118,41" hai1="39,29,101,56,67,16,94,133,50,14,5,83,26" hai2="129,100,73,96,1,53,7,82,107,120,24,134,69" hai3="10,17,47,97,32,35,0,81,4,21,95,119,43"/><W74/><G119/><T33/><D33/><U111/><E39/><V112/><F69/><W57/><G57/><T117/><D110/><U44/><E111/><V61/><F24/><W80/><G80/><T93/><D41/><U19/><E133/><V108/><F61/><W59/><G59/><T23/><D65/><U116/><E116/><V115/><F53/><W42/><G42/><T135/><D135/><U124/><E83/><V106/><F108/><W127/><G127/><T88/><D90/><U51/><E124/><V36/><F36/><W79/><G95/><T11/><D102/><U38/><E38/><V103/><F134/><W114/><G97/><T113/><D113/><U49/><E44/><V132/><F132/><W37/><G114/><N who="2" m="43561" /><F120/><W77/><G77/><T40/><D40/><U84/><E67/><V12/><F12/><AGARI ba="0,0" hai="0,4,10,12,17,21,32,35,37,43,47,74,79,81" machi="12" ten="30,11600,0" yaku="7,1,25,2,52,1" doraHai="3" who="3" fromWho="2" sc="159,0,220,0,208,-116,413,116" owari="159,-24.0,220,2.0,92,-41.0,529,63.0" /></mjloggm>